2938 4888
376 335 490 386 suxrr
514 335 678 384 ruuunrr
705 335 894 385 vrcrours.
1132 321 1198 388 878

145 482 243 548 Sexti
260 480 387 546 Aurelii
402 478 555 547 Victoris
570 479 613 544 de
627 477 720 544 Viris
737 479 932 545 illustribus
952 476 1072 544 Romae
1097 487 1133 546 et
1157 481 1198 547 de

103 587 298 653 Caesaribus
323 583 491 651 Historia.
545 584 630 648 Zum
662 581 843 648 Gebraucb
871 583 930 648 fiir
955 583 1114 660 Schulen,
1139 587 1200 650 &c

102 689 183 755 Von
197 687 233 754 J.
246 687 286 752 Ε.
297 687 423 752 Friese.
440 687 558 752 Alton.
572 687 669 752 1804.
684 685 760 752 dvo.
805 687 1041 754 Germanicam
1062 687 1200 754 exbibet

103 793 300 866 versionem,
320 791 477 856 literatim
499 810 620 874 nempe
642 796 873 870 revertentem,
893 793 1021 874 quippe
1042 791 1076 855 in
1100 809 1200 854 nsum

97 896 348 980 juventutisin
371 895 549 958 elementis
564 895 687 976 linguae
703 893 831 959 Latinae
847 893 1079 978 acquirendis..
1110 893 1201 957 Tex-

102 1010 157 1063 tus
181 1007 236 1063 est
259 997 424 1075 Harlesii,
448 1003 492 1077 et,
515 1003 553 1061 ut
575 999 651 1082 ipse
673 995 767 1073 dicit,
787 995 891 1060 nitide
913 1003 946 1061 et
971 1001 1118 1062 correcte
1141 1016 1197 1061 ex·

102 1105 248 1166 hibetur.

144 1204 299 1270 Victoris
315 1198 475 1268 Historia
490 1201 660 1280 Romana,
674 1222 717 1267 ex
734 1203 928 1266 recensione
940 1201 962 1266 J
966 1221 999 1267 o.
1013 1201 1105 1267 Frid.
1115 1203 1200 1269 Gru-

35 1309 39 1323 '
101 1309 186 1374 neri.
218 1305 308 1372 (lura
322 1306 442 1370 Franc.
459 1305 557 1370 Xav.
569 1305 825 1388 Schoenberger.
847 1303 997 1370 Vindob.
1013 1304 1110 1371 1806.
1124 1305 1201 1370 Svo.

102 1411 249 1476 Gruneri
265 1417 382 1475 textus
396 1411 440 1474 ab
457 1407 620 1474 Harlesio
641 1409 779 1474 multum
801 1409 1062 1487 commendatur,
1080 1407 1203 1494 etipse

101 1513 243 1578 candem
260 1513 411 1596 vulgavit
432 1513 535 1588 notis,
558 1513 712 1596 Erlangee
728 1513 826 1579 1787.

144 1614 275 1682 Aurelii
291 1615 452 1692 Victoris,
464 1620 524 1683 &a
540 1615 643 1682 editio
661 1635 760 1682 nova.
792 1615 907 1694 Halae,
921 1617 952 1680 in
964 1615 1039 1681 libr.
1052 1613 1203 1699 Orphan.

103 1719 294 1784 laesero.

145 1821 274 1886 Aurelii
290 1819 440 1886 Victoris
457 1819 613 1885 Historia
628 1821 795 1899 Romana,
818 1821 861 1886 ad
885 1822 1083 1905 optimorum
1104 1822 1203 1886 libro·

100 1943 174 1987 rum
190 1922 289 1987 fidem
306 1923 409 2000 edita,
423 1931 456 1988 et
470 1923 814 1988 animadversionibus
830 1925 956 1988 criticis
972 1927 1006 1988 in
1019 1924 1100 1988 loca
1112 1945 1206 2008 quae-

102 2026 182 2090 dam
205 2024 395 2092 difficiliora
416 2027 589 2092 instructa.
633 2026 808 2108 Marbnrg.
824 2025 918 2092 1818.
933 2027 1108 2092 Suo—De
1130 2025 1204 2092 Ori-

102 2131 181 2212 gine
203 2128 326 2195 Gentis
345 2129 521 2208 Romanae,
535 2129 617 2195 ibid.
634 2129 730 2195 1818.
745 2129 1020 2214 8ιο.-Ερίῑοιιιο
1035 2129 1076 2194 de
1091 2129 1203 2195 Caesa-

101 2234 207 2310 ribus,
222 2232 305 2298 ibid.
322 2231 415 2298 1818.
1136 2235 1138 2242 '

145 2333 278 2400 Aurelii
307 2335 457 2400 Victoris
495 2336 688 2402 Romanam
721 2333 909 2400 Historiam
946 2335 1054 2402 edidit
1084 2335 1124 2402 F.
1152 2335 1205 2402 X.

101 2438 363 2519 Schoenberger.
409 2437 566 2515 Vienn'ae,
582 2436 679 2502 1820.
694 2436 772 2502 tivo.

146 2539 303 2623 Explicit
318 2539 496 2604 Recensns
514 2539 703 2603 Editionum
717 2538 849 2604 Aurelii
863 2539 1032 2604 Victoris:
1056 2543 1145 2624 qnod
1161 2541 1204 2606 ad
1276 2584 1277 2587 κ

99 2642 182 2718 alia,
196 2647 264 2705 tam
280 2641 392 2706 multis
407 2641 569 2706 enarratis
583 2661 604 2706 a
619 2641 790 2717 Fabricio,
808 2637 976 2718 Harlesio,
989 2640 1090 2706 Anna
1104 2643 1205 2708 Fabri

99 2744 234 2820 iilia,et
251 2744 338 2821 aliis,
358 2743 439 2808 nibil
457 2743 536 2808 novi
561 2749 675 2807 manet
689 2743 750 2806 'bic
769 2744 873 2808 locia
899 2745 997 2807 nobis
1023 2745 1205 2810 observan-

100 2845 200 2912 dum:
223 2850 259 2910 at
277 2845 389 2910 forsan
403 2845 522 2910 lectori
537 2865 650 2930 operae
674 2847 815 2928 pretinm
831 2846 893 2910 erit
908 2847 984 2911 loca
999 2848 1153 2931 quaedam
1171 2849 1203 2914 in

99 2949 324 3031 sequentibus
344 2949 537 3014 consulere:
561 2968 693 3032 nempe,
710 2949 842 3013 Molleri
857 2949 1051 3034 Disputatio
1073 2951 1114 3015 de
1132 2950 1205 3019 Ari·

99 3050 184 3112 relio
200 3049 348 3127 Victore,
361 3049 505 3116 Altdorf.
518 3049 612 3117 1805.
623 3051 700 3116 Suo.
745 3049 841 3135 Pcpe
859 3051 987 3116 Blount
1000 3071 1035 3135 p.
1046 3051 1121 3116 275.
1130 3054 1205 3120 276.

99 3149 210 3215 Catal.
227 3153 316 3218 Bibl.
332 3154 464 3219 Bunav.
481 3155 546 3220 vol.
561 3172 586 3220 ι.
601 3177 634 3240 p.
649 3155 726 3220 397.
740 3163 776 3218 et
791 3153 859 3220 vol.
877 3171 917 3218 ιι.
935 3175 967 3238 p.
985 3155 1079 3219 1675.
1097 3155 1204 3220 Ham-

100 3257 235 3336 berger.
252 3254 293 3318 P.
312 3273 352 3320 ιι.
367 3279 400 3342 p.
416 3257 510 3333 812.;
533 3257 668 3324 Criticae
689 3259 938 3322 observationes
962 3260 995 3320 in
1021 3258 1203 3324 editionem

98 3358 365 3422 Arntzenianam
381 3379 402 3424 a
416 3359 439 3424 J
442 3379 474 3424 o.
492 3359 613 3426 Mattb.
628 3359 795 3436 Gesnero,
811 3362 844 3424 in
867 3359 963 3424 Actis
980 3359 1203 3438 Eruditorum,

97 3461 179 3526 Jan·
195 3459 291 3526 1734.
308 3483 341 3546 p.
359 3463 389 3528 1.
418 3461 517 3528 Saxii
532 3463 706 3528 Onomast.
729 3468 814 3546 part.
838 3481 860 3524 ι.
883 3483 917 3546 p.
939 3463 1016 3528 410.
1041 3461 1206 3529 Gibbon’s

100 3564 245 3630 Decline
260 3565 326 3630 and
338 3565 415 3631 Fall
429 3567 469 3630 oi
485 3566 540 3631 ibe
556 3566 691 3632 Roman
708 3565 866 3650 Empire3
883 3585 960 3630 cum
975 3565 1091 3630 multis
1114 3567 1203 3644 aliis,

99 3667 159 3750 qui
176 3666 218 3731 de
235 3666 400 3734 Romanis
417 3668 683 3754 imperatoribus
699 3681 735 3734 et
753 3669 906 3734 Historia
922 3677 1160 3736 tractaverunt.

167 4348 256 4414 napi.
268 4354 291 4399 et
307 4348 363 4403 Vre.
376 4355 441 4404 ctus.
588 4349 672 4400 Aurei.
690 4349 750 4399 Vict.
876 4398 880 4407 ,
