2938 4888
418 389 615 442 accensus
649 390 878 450 norrronuu,
902 379 961 442 tre.
1148 379 1213 446 861

113 536 328 619 septuagesimo
338 542 434 607 sexto,
448 555 547 596 mense
556 532 642 596 Iulii.
684 532 838 615 Impressit
851 533 997 596 Matthias
1013 535 1157 598 Moravus
1169 541 1213 601 vir

113 634 255 714 singulari
269 634 387 714 ingenio
399 642 431 694 et
443 643 516 696 arte.
558 631 747 712 Recognovit
760 631 907 694 -lunianus
917 633 1026 714 ·Majus
1044 636 1211 697 Partheno-

113 754 195 815 paeus
204 733 303 793 rhetor
313 731 448 814 publicus
457 751 572 792 summa
583 751 656 792 cura
668 750 840 812 ummaque
849 730 1025 812 diligentia!
1056 733 1106 797 CI.
1118 735 1212 796 Mait·
1289 811 1291 814 .

113 832 182 890 tarii
196 831 278 891 Ann.
293 821 424 911 Typopr.
436 827 474 890 T.
491 847 516 891 1.
528 849 558 910 p.
576 834 648 890 661.

152 948 176 986 s.
192 949 220 988 a.
230 937 262 988 et
272 927 294 988 l.
309 927 401 987 editio
415 927 511 988 Plinii
536 927 567 986 iu
587 923 751 986 Germania
772 924 853 986 lacta
872 925 964 988 habet
975 927 1067 988 etiam
1080 927 1213 990 Victoris

111 1024 245 1084 libellum
258 1024 297 1084 de
307 1025 392 1086 Viris
405 1023 586 1096 Illustribus,
599 1032 674 1104 teste
684 1023 722 1084 cl.
737 1023 873 1084 Ernestio
886 1025 916 1083 in
932 1023 1014 1086 Bibl.
1027 1025 1211 1088 Fabricianae

112 1122 251 1183 auctioris
263 1121 300 1183 T.
323 1139 380 1184 111.
404 1143 434 1203 p.
450 1127 520 1182 106.
562 1121 645 1183 Vide
670 1120 840 1182 Recensum
861 1130 990 1182 nostrum
1015 1121 1084 1185 edd.
1107 1123 1211 1187 Pane·

110 1221 277 1300 gyricorum
290 1219 448 1291 Veterum,
462 1239 493 1301 p.
505 1225 596 1281 2480.
650 1263 652 1266 -

153 1324 232 1378 1601
254 1317 403 1388 venetiis,
415 1323 445 1379 4.
467 1316 568 1394 (Sext.
582 1316 659 1377 Aur.
675 1314 821 1395 Victoris)
836 1315 927 1382 Liber
938 1317 977 1378 de
990 1317 1073 1379 Viris
1083 1317 1211 1380 Illustri-

111 1415 252 1486 bus‚eum
262 1415 359 1475 Plinii
370 1415 451 1497 Epp.
462 1413 544 1476 Vide
554 1413 726 1476 Recensum
735 1424 865 1476 nostrum
875 1415 944 1477 edd.
958 1416 1212 1499 Panegyricomm

112 1512 258 1572 Veterum
273 1535 303 1595 p.
316 1519 408 1574 2481.
1237 1571 1241 1582 .

153 1615 232 1670 1606
252 1612 437 1690 Argentinae,
461 1617 490 1672 4.
513 1609 551 1672 Ο.
575 1609 670 1670 Plinii
685 1610 814 1690 junioris
836 1609 938 1688 (Sext.
964 1611 1042 1672 Aur.
1064 1611 1211 1694 Vlctoris)

109 1706 184 1767 liber
198 1707 363 1768 Illustrium
383 1709 525 1769 Virorum
549 1731 569 1770 a
589 1709 712 1773 condita
733 1709 830 1770 Urbe.
872 1709 1060 1789 Argeatinre,
1079 1711 1110 1771 in
1133 1709 1211 1774 offic.

110 1801 210 1867 Henr.
222 1803 515 1872 §insemel-Editor
527 1815 573 1866 est
585 1805 653 1867 Jao.
667 1805 865 1878 Gottesheim‚
878 1807 931 1887 qui
944 1808 973 1868 in
983 1807 1066 1890 prrel'.
1079 1807 1165 1880 dicit,
1179 1829 1210 1869 se

110 1911 180 1962 ante
200 1901 315 1984 aliquot
327 1922 419 1964 annos
431 1905 630 1964 enarrationes
643 1902 786 1986 quasdem
806 1905 837 1964 in
860 1905 938 1965 hunc
960 1906 1094 1968 libellum
1117 1927 1211 1968 excu-

108 1998 198 2061 disse.

149 2131 191 2143 -
212 2097 410 2177 Argentorati‚
421 2105 452 2158 6.
474 2096 560 2158 Sext.
573 2097 650 2158 Aur.
674 2095 808 2158 Victoris
830 2097 970 2180 Epitome
989 2101 1052 2160 sive
1071 2099 1110 2162 de
1134 2102 1211 2163 Vita

108 2203 139 2253 et
164 2193 303 2255 Moribus
329 2195 546 2277 Imperatorum
573 2194 666 2256 Rom.
708 2196 862 2277 Excerpta
882 2217 901 2256 a
926 2197 1046 2258 Gaesare
1070 2199 1212 2278 Augusto

109 2311 202 2371 usque
216 2292 256 2352 ad
268 2292 469 2354 Theodosium
485 2292 563 2374 Imp.
606 2293 771 2372 Argentor.
785 2313 834 2374 ap.
849 2293 962 2354 Mattlr.
975 2293 1112 2355 Schurer.

149 2395 230 2449 1606
250 2389 455 2469 Argentorati,
469 2397 500 2451 4.
523 2389 609 2452 Sext.
624 2389 703 2452 Aur.
714 2389 821 2452 Victor
841 2390 880 2451 de
903 2390 986 2452 Viris
1006 2391 1119 2456 Illustr.
1141 2415 1210 2456 oum

107 2485 229 2547 Iustino
240 2497 271 2547 et
284 2487 383 2548 Floro.
966 2485 968 2489 ’
1209 2535 1211 2540 .

148 2591 231 2647 1601
253 2584 372 2664 Lipsiae,
390 2590 420 2644 4.
442 2582 481 2644 O.
495 2583 631 2644 Suetonii
650 2584 819 2665 Tranquilli
842 2584 942 2662 (Sext.
962 2585 1040 2646 Aur.
1061 2587 1209 2668 Victoris)

107 2679 201 2740 Liber
213 2679 251 2740 de
271 2679 357 2742 Viris
375 2679 547 2742 Illustribus
560 2682 654 2741 Urbis
669 2681 790 2753 Romae,
811 2703 879 2742 cunr
899 2683 977 2742 notis
996 2683 1211 2745 110010001-

107 2777 218 2858 Hujus
232 2777 395 2840 Machanei
408 2800 433 2840 s.
451 2779 611 2840 Maccanei
626 2778 839 2839 commentarii
853 2780 881 2839 in
896 2780 976 2840 hunc
989 2779 1124 2841 libellum
1142 2803 1208 2863 pro·

88 2905 92 2913 ·
106 2877 225 2938 dietant
233 2877 357 2939 Taurini
367 2900 391 2939 s.
407 2899 436 2940 a.
448 2879 478 2938 in
491 2886 520 2939 4.
530 2899 582 2959 per
597 2878 682 2958 Meg.
699 2877 807 2938 Pranc.
822 2876 860 2938 dc
872 2877 967 2938 Silva.
998 2879 1072 2942 Vid.
1084 2879 1209 2940 Saxium

107 2975 136 3034 in
151 2975 238 3038 Hist.
253 2975 345 3037 Liter.
359 2975 553 3059 Typograph.
568 2975 695 3038 Mediol.
710 2995 778 3058 pag.
799 2991 949 3036 eccm.
967 2977 1018 3036 ubi
1031 2977 1070 3038 de
1084 2978 1212 3038 Macca-

108 3093 165 3134 neo
179 3075 244 3155 ipso
257 3073 428 3135 videndum.

147 3179 229 3242 1606
249 3171 398 3244 Venetiia,
412 3180 443 3233 6.
466 3171 553 3233 Idem
575 3170 705 3242 libellus,
723 3190 793 3232 cum
814 3169 911 3232 Plinii
932 3169 1012 3253 Epp.
1048 3171 1129 3234 Vide
1143 3173 1208 3235 Re·

106 3287 226 3329 censum
239 3278 369 3330 nostrum
382 3267 451 3330 edd.
463 3269 599 3348 Panegg.
614 3269 700 3329 Vett.
713 3289 743 3350 p.
753 3275 844 3332 248³.
1325 3319 1327 3326 ,

146 3373 228 3427 1610
248 3366 434 3446 Argentinoe.
456 3365 592 3427 Suetonii
611 3365 779 3446 Tranquilli
805 3365 939 3429 Illustres
957 3369 1041 3431 Viri:
1063 3391 1139 3450 quos
1155 3371 1208 3450 qui

108 3463 249 3526 Cornelio
269 3463 385 3545 Nepoti
398 3464 558 3526 vendicant
577 3464 706 3525 maxime
729 3463 806 3535 salli,
826 3465 1002 3528 Alexander
1024 3468 1209 3528 Minutianns
1285 3452 1286 3460 ¹

106 3573 270 3644 preceptor
284 3562 350 3622 luce
364 3561 626 3642 clariueprobavit.
668 3562 723 3622 Ad
737 3561 912 3624 lectorem:
1058 3565 1062 3572 '

209 3657 348 3719 Mascula
360 3659 432 3738 quid
443 3658 534 3720 virtus
546 3659 678 3720 animoso
690 3666 809 3740 pectore
822 3661 924 3740 possit,

249 3755 403 3818 Pervulus
416 3757 464 3818 hic
476 3755 572 3818 codex
588 3757 697 3818 Lector
707 3758 802 3818 amice
815 3756 914 3820 docet.

209 3851 346 3932 insignes
358 3853 450 3914 titulis
463 3856 657 3916 monstratis:
680 3875 755 3935 quor
768 3853 903 3916 Romula
915 3855 1005 3915 tellus

249 3950 322 4010 Esse
335 3951 413 4012 viros
422 3953 557 4034 peperit:
579 3953 794 4036 posteritasque
808 3952 891 4014 colit.

110 4045 146 4106 ln
159 4046 217 4107 fine
227 4049 324 4129 operis
338 4047 442 4110 addita
455 4050 520 4112 haec
532 4058 618 4110 sunt:

209 4144 363 4206 Romanas
375 4146 454 4206 acies
466 4167 624 4228 regumque
633 4145 760 4206 illustria
770 4145 852 4208 laeta

249 4243 282 4303 si
295 4244 379 4324 cupis
390 4245 446 4306 lroc
459 4265 558 4308 sumes
570 4245 721 4308 Iac.breve
734 4245 826 4306 lector
840 4265 922 4327 opus.
