2966 4924
346 393 487 446 aunon.
502 391 600 442 uror.
628 388 835 458 urrunnun,
858 393 940 444 ona.
964 393 1021 446 ιιι.
1164 377 1230 448 797

134 553 186 590 uon
197 535 351 602 infrugifera
359 535 426 588 {orte
434 537 550 588 diatriba
561 535 663 588 ortandi
702 550 752 587 nea
770 535 880 603 parendi
898 537 948 588 acia
966 529 1168 590 eremitatem
1186 554 1231 604 pa·

134 619 166 668 ad
185 617 230 667 illa
246 615 331 666 Taciti
348 615 381 665 de
397 616 476 667 Silioa
492 615 664 666 ‘credebaut
701 621 807 665 ruerunt
818 615 891 666 inriti
901 616 1057 678 Commorim
1073 616 1120 667 aed
1131 616 1175 670 obt
1186 619 1231 668 ha·

131 694 251 758 plerique
270 702 371 743 auctam
393 690 561 744 offensionem
584 693 664 756 ipaiua
702 689 813 740 buerunt
824 688 987 754 facultatem,
998 693 1059 757 quid
1071 707 1173 758 temper
1184 708 1229 747 ro·

129 770 344 834 intemperantia,
371 770 505 820 immodice
526 769 663 834 jactantir,
700 765 796 816 luerint
816 766 1005 817 calenderuut.'
1027 769 1132 820 Curtlue
1153 771 1230 820 Mon·

132 863 207 898 auum
218 848 325 898 militem
337 849 363 896 in
376 847 501 910 olraequio
520 846 663 910 duravisse,
701 849 776 892 lanua
794 844 863 908 apud
876 845 996 895 Tacitum
1016 847 1115 896 illator.
1133 860 1171 898 ιι.
1187 851 1230 899 42.

133 939 192 976 eum
201 925 244 974 alii
256 925 288 974 ed
300 923 439 974 seditiones
450 923 662 987 prolaberentur:
701 918 786 970 ‘Huc
796 920 886 983 certe,'
903 922 995 988 iuquit,
1010 923 1103 974 ‘Nero
1118 939 1170 976 non
1187 939 1231 977 co·

132 1015 218 1064 neque
236 1015 383 1051 rnauaurnm
400 1000 506 1050 Tiberio
517 1001 662 1064 imperium,
700 995 766 1061 tigit,
781 1013 829 1048 uec
840 999 993 1062 dignitatem
1005 1009 1051 1052 aut
1062 1003 1172 1054 aaluteaa
1184 1003 1230 1055 illa

132 1078 154 1127 ai
174 1077 205 1127 iia
225 1091 327 1142 qnoque
345 1077 489 1140 legionibua
507 1077 602 1141 cupido
616 1091 661 1128 uo·
700 1075 801 1126 auritio
822 1077 965 1128 redemiatl.
998 1078 1066 1128 Sane
1088 1079 1229 1131 toleramur

98 1171 102 1178 ·
132 1153 209 1202 randi
222 1152 321 1204 toleret.
354 1155 464 1204 Deatroi
479 1169 526 1220 per
542 1153 661 1206 hucior·
700 1151 807 1204 latorum
816 1153 980 1206 daieualouer
988 1156 1031 1221 qul
1039 1155 1148 1222 perdere
1156 1157 1229 1223 aiior,

133 1238 223 1300 tunam
250 1243 322 1280 auam
353 1229 449 1288 carcar,
484 1233 661 1297 imparemque
699 1243 775 1294 quam
803 1232 947 1296 periclitari
975 1232 1025 1297 ipal
1050 1233 1229 1286 maluerunta'

132 1313 207 1358 tauto
218 1307 310 1357 merito
322 1307 444 1359 rebatur:
462 1321 520 1358 nam
537 1307 662 1360 Mendela
699 1305 744 1356 ubi
755 1321 801 1357 noa
816 1309 908 1373 plora:
926 1307 1138 1374 quemadmodum
1149 1311 1228 1361 etiam

132 1399 167 1435 eo
188 1399 270 1450 neque
289 1386 349 1435 itata
370 1393 439 1448 auut,
459 1383 520 1436 dnm
540 1385 661 1436 videntur
686 1373 791 1434 'codam
817 1383 922 1450 quiden
943 1385 1018 1441 libro·
1044 1385 1090 1435 ted
1112 1387 1229 1438 tectione

132 1462 232 1512 eaaolri
245 1477 336 1525 poaae;
353 1463 396 1513 ubi
414 1464 521 1515 multum
539 1469 601 1516 aute
617 1479 661 1516 ra·
699 1467 810 1511 uetera:
828 1461 864 1511 tol
876 1463 943 1512 cuim
962 1462 1108 1512 luculenter
1118 1464 1230 1523 ostendi,

130 1551 206 1601 uere,
229 1552 277 1603 pro
296 1539 378 1602 gratia
399 1541 485 1591 odium
506 1540 659 1594 redditurr'
698 1538 853 1588 ‘erularum
875 1540 1066 1604 tyrannicorum
1086 1538 1150 1590 illud
1171 1553 1229 1592 eaaa

131 1615 228 1666 Auual.
240 1619 328 1666 anili.
346 1616 419 1666 Grai.
698 1615 740 1664 vel
759 1616 907 1672 maximum.
930 1613 999 1680 quod
1019 1629 1094 1664 namo
1114 1616 1228 1668 omnium

166 1693 437 1759 Nortlmeur'rumme]
450 1693 660 1748 spornanlmlum
699 1691 763 1740 ralia
785 1698 857 1741 tutuo
875 1691 920 1755 ait,
942 1693 963 1742 ai
981 1698 1053 1742 recta
1075 1690 1174 1757 iaciat,'
1190 1694 1228 1744 utl

130 1767 188 1819 fere
199 1777 290 1834 patet:
307 1779 334 1820 et
347 1780 433 1821 tameo
446 1773 503 1835 plur
515 1788 590 1839 quam
599 1775 661 1826 ridi·
699 1767 814 1834 loquitur
835 1767 892 1819 fere
912 1769 1025 1834 Lepidm
1046 1771 1137 1821 centul
1159 1770 1228 1837 apud

131 1845 206 1896 enlm
215 1845 352 1911 ertScipio
361 1847 517 1899 Ammiretua
526 1849 661 1902 aubtinem
698 1849 802 1900 Salinat.
813 1850 840 1900 iu
852 1849 1015 1915 fragmentia.
1033 1851 1107 1902 Grut.

131 1923 271 1974 Diarnrrm
283 1925 378 1988 octavi,
391 1924 522 1976 limonio
534 1927 663 1991 Tacitum,
731 1929 772 1992 §l
793 1928 836 1978 Uti
847 1929 942 1992 quidum
951 1943 1022 1994 proca
1031 1927 1129 1993 palent]
1146 1929 1178 1980 Iu
1188 1929 1228 1981 hle

130 1999 178 2050 ubi
202 2001 392 2066 Interpretatur
417 2002 479 2053 illud
505 2003 661 2068 Veapaeiaui
700 2003 779 2053 Corn.
788 2003 1027 2070 'iacitliiauAup
1036 2006 1081 2056 lib.
1090 2007 1229 2059 rn‘Pror·

129 2077 165 2127 ad
177 2063 338 2142 Mucianum,
353 2080 427 2143 cujua
439 2081 554 2144 meminit
568 2082 661 2148 Sueto·
699 2093 751 2136 tut,
768 2080 789 2129 tl
806 2081 914 2130 Ιιῑῐίῑίι
927 2081 1038 2146 themoi,
1057 2083 1168 2149 antiquit
1180 2083 1228 2136 du·

131 2155 190 2204 uiua
203 2171 262 2220 cap.
276 2161 314 2207 lt.
331 2155 408 2220 ‘Ego
421 2165 505 2208 tameo
522 2159 561 2209 vir
577 2173 633 2210 aum
643 2159 662 2210 ε’
699 2157 772 2208 ulbua
782 2157 847 2221 pan'
863 2157 954 2208 Scluat.

131 2232 232 2298 quippe
252 2233 313 2282 nihii
330 2232 400 2284 aliud
418 2235 483 2298 uult,
502 2251 577 2300 qnam
591 2235 660 2301 quoti
730 2236 769 2300 §8
781 2234 1052 2300 Deformemiraeendr'a'a]
1063 2236 1228 2287 liademrer·

130 2303 254 2361 Valerius
280 2311 422 2376 Asiaticus,
445 2313 488 2379 qul
515 2305 660 2379 objectautl
698 2311 739 2362 bia
756 2313 864 2362 Suctcn·
888 2329 964 2378 capp.
984 2327 1046 2364 ιιιι.
1066 2323 1094 2364 et
1113 2327 1154 2364 aa.
1187 2314 1228 2364 lie

129 2387 183 2452 ipai
195 2389 327 2440 mollitiam
338 2391 452 2452 eorporia
464 2389 554 2452 Suilio,
570 2399 578 2421 ⁸
590 2391 661 2441 ricto
698 2388 820 2451 Capitolii
835 2390 906 2438 raaia
918 2387 1023 2439 fortuna
1034 2390 1166 2456 primaque
1176 2391 1228 2442 orl·

130 2463 237 2514 cilentio
249 2465 367 2528 prorupit
379 2479 448 2522 roua,
464 2471 500 2522 et,
512 2465 660 2531 Interroga,
698 2463 757 2525 pina
774 2465 928 2515 Plutarchus
947 2465 1090 2530 Poplicola,
1107 2475 1135 2516 et
1150 2467 1228 2518 Taci-

129 2540 226 2604 iuqoit‚
244 2541 318 2598 Suili,
335 2539 401 2590 filioa
420 2548 496 2602 tnoa3
519 2542 601 2591 airum
620 2558 661 2594 me
699 2549 742 2589 tua
758 2541 857 2593 ilintor.
870 2542 981 2606 lupun.
999 2543 1043 2592 lib.
1054 2556 1097 2593 ιιι.
1113 2545 1226 2609 legendi.

129 2629 190 2666 caae
209 2614 379 2666 fatebuntur:
405 2615 499 2666 rinnai.
523 2629 565 2666 xa.
585 2622 610 2668 2.
634 2633 660 2682 p.
699 2615 773 2666 Int'ra
787 2633 861 2682 prom
878 2621 1039 2680 truargreaaui
1051 2619 1153 2684 cujacii
1167 2619 1227 2671 cod.

130 2694 209 2743 tint.
235 2693 320 2743 cerda
330 2694 362 2743 ad
370 2692 463 2756 virgil.
473 2693 528 2744 Eoi.
539 2707 582 2746 ιιι.
594 2708 662 2746 rara.
700 2699 728 2743 at
750 2693 868 2745 Pcrtuaau
885 2701 954 2757 petro
972 2703 1121 2746 oouatautar
1137 2713 1227 2749 omnen

130 2773 158 2820 7.
175 2768 264 2819 Amata.
700 2771 827 2822 acribuut.
842 2771 937 2822 Solott.

164 2847 179 2911 ς
196 2851 212 2896 t
231 2845 333 2910 Obliqna
343 2845 660 2912 dicto]‘1·'ipuraa'8ue·
731 2849 746 2912 q
764 2851 796 2898 la
813 2847 845 2896 In
855 2847 924 2913 pore]
941 2849 972 2899 la
987 2863 1068 2914 poeera
1087 2849 1227 2902 accurandi

129 2929 188 2974 ton.
216 2937 274 2987 cap.
300 2927 337 2976 13.
362 2933 389 2974 et
416 2925 515 2976 Domlt.
540 2929 661 2991 euplo.
698 2925 837 2974 caauMar.
855 2941 913 2991 qum
931 2927 1129 2977 lectionimium
1147 2943 1226 2994 quau·

128 3003 138 3030 ⁴
151 3002 255 3052 Moram
266 3001 407 3064 uqururm’
420 3004 536 3054 Macrub.
549 3005 594 3056 lib.
606 3019 661 3057 vu.
698 3008 753 3051 tum
771 3010 887 3066 pruatat.
919 3003 951 3052 lu
967 3003 1091 3053 Suetonio
1109 3017 1166 3066 cap.
1185 3017 1227 3055 va.

128 3077 333 3132 Saturu.rocat.
363 3083 403 3131 ile
415 3082 550 3133 Demetrio
561 3083 659 3148 Cynico
701 3077 827 3140 Vologatae
860 3079 951 3143 optimi
986 3077 1045 3128 libri
1079 3078 1224 3131 inflectunt·

128 3153 290 3220 Philoaoplno
301 3157 408 3207 Tacitua
419 3157 491 3208 lliat.
502 3172 542 3208 ιν.
552 3159 661 3210 Suetou.
698 3157 790 3210 Sodoll.
815 3159 847 3208 1ιι
855 3173 936 3223 puram
944 3160 1024 3209 uoatrl
1035 3173 1131 3208 omnea.
1141 3160 1227 3210 Arria.

126 3235 193 3286 Dio.
210 3235 301 3288 Selelt.
324 3237 659 3302 Martlul.Eptqr.rn.o1.
729 3235 792 3299 §la
809 3234 881 3300 spru
900 3251 941 3286 ara
959 3236 1102 3294 Patauina,
1119 3249 1162 3286 uae
1178 3251 1226 3287 ιιιιι

127 3311 137 3339 ⁸
150 3311 186 3361 El
197 3321 272 3362 notet
284 3313 388 3378 obliqua
398 3315 549 3377 garrulitate
561 3314 661 3366 clicnr.'
699 3315 786 3366 Cilicio
796 3315 900 3366 i'rurleu
917 3319 942 3365 el
958 3312 1123 3377 Commagena]
1141 3313 1224 3364 Vatua

125 3388 238 3439 Straton.
249 3389 347 3440 Domit.
358 3395 448 3453 capt.
463 3389 659 3453 ‘carpntrouln
696 3391 756 3440 eud.
772 3390 854 3456 Syrio.
874 3391 912 3441 rui
931 3390 1063 3441 Polualiau
1079 3403 1162 3440 nornen
1178 3395 1224 3451 ert,

127 3469 189 3532 quia
212 3467 371 3518 orationibua
391 3478 419 3517 et
440 3467 554 3518 edictia.'
582 3467 659 3534 Apud
698 3467 828 3532 Ciliciaque
846 3483 874 3517 oe
892 3469 993 3518 i'llrueiu
1011 3473 1035 3518 el
1055 3467 1225 3529 commagene:

126 3541 248 3594 'l'acitum
267 3543 335 3593 Anu.
347 3557 379 3594 ιι.
395 3549 437 3594 dd.
455 3543 463 3572 ‘
476 3543 589 3609 Obliqna
601 3557 660 3610 per·
696 3545 767 3594 locut
778 3545 857 3593 etiarn
870 3543 939 3608 apud
953 3543 1106 3608 Eutropium
1117 3557 1224 3607 eorrup-

127 3619 279 3684 atringere,'
306 3620 435 3686 quomodo
459 3621 595 3685 aliquotlea
615 3621 660 3672 ille
696 3627 747 3670 tna.
776 3619 856 3672 Vno.
899 3619 1072 3669 Floriaceuaia
1094 3618 1180 3670 iidem
1199 3623 1224 3668 et

126 3697 346 3758 aucturlucutna3
356 3704 382 3747 et
392 3697 583 3750 Quinctiliauua
592 3697 660 3750 Inrt.
699 3697 854 3760 Commageno
865 3697 955 3746 rcribit
969 3709 1016 3760 par
1028 3697 1135 3760 primam
1147 3709 1224 3745 roca·

125 3786 171 3824 ax.
189 3777 216 3824 Ι.
241 3776 250 3802 ‘
270 3771 397 3840 obliquae
416 3772 576 3824 aanteutlaa'
592 3774 661 3826 dlalt
697 3774 755 3824 lem.
780 3774 921 3837 Eutropius
932 3771 941 3802 ⁸
952 3773 1087 3822 Trachiam
1099 3771 1225 3836 Ciliciam,

125 3853 321 3902 uonuuoloco.
350 3851 660 3904 AddeGerert.adSta-
694 3849 835 3900 'l'raclteam
858 3849 1065 3912 Commagenam,
1092 3860 1150 3911 qum
1175 3847 1223 3900 uult

126 3927 192 3978 tium
203 3926 275 3991 Sylr.
287 3933 340 3979 nt.
351 3943 418 3979 reru.
428 3931 470 3978 2⁷.
481 3935 510 3979 ct
519 3928 617 3980 Duker.
626 3929 659 3982 ad
695 3927 797 3991 regibus
805 3927 893 3977 auricia
902 3933 986 3981 eraut,
996 3926 1023 3974 in
1033 3923 1223 3988 provinciarum

125 4003 232 4054 Florum
245 4017 282 4053 av.
293 4007 377 4069 Mo.
394 4005 483 4054 Arnlz.
694 4003 802 4054 turmam
824 4001 943 4065 redegit!
972 4000 1051 4064 Apud
1072 3999 1222 4054 Suetonium

160 4080 175 4144 ξ
193 4083 208 4130 d
226 4079 414 4130 Prudmlluime
424 4087 501 4142 rotata,
512 4080 605 4142 resumo
614 4079 660 4130 mi·
695 4093 796 4146 quoque
807 4093 831 4128 e.
844 4083 869 4130 8.
886 4074 1056 4127 'Trachiam'
1072 4077 1098 4128 iu
1110 4079 1223 4144 antiquie

125 4155 228 4205 elaterio
244 4171 259 4204 a
274 4155 380 4220 plurilm
390 4163 453 4207 metu
463 4159 555 4223 curum]
571 4159 657 4207 Vere:
696 4157 767 4206 libria
785 4156 909 4219 scriptum
921 4153 1000 4203 iuiaaa
1012 4155 1125 4207 tert'atur
1142 4157 1223 4208 'i'oeo-

125 4231 198 4282 uude
212 4239 239 4282 at
256 4231 381 4284 Pertinax
398 4233 467 4296 apud
484 4233 658 4298 Capitolinum
696 4232 1046 4290 dorurl’ulruanuuruuater¹
1058 4234 1102 4300 qni
1110 4234 1165 4298 jam
1177 4233 1222 4284 diu

125 4325 188 4377 cap.
200 4317 226 4364 d.
244 4311 366 4365 Falconi:
383 4316 392 4342 ⁴
404 4313 512 4365 Jureuia
523 4327 551 4364 ea
560 4313 659 4379 cuuaul,
695 4313 767 4364 auam
776 4309 976 4401 inemendaudia
985 4312 1134 4364 auctorilur
1143 4309 1222 4361 fidem
