2938 4888
399 333 515 386 snxrr
540 335 702 409 uuuncrr
733 333 918 386 vroronrs.
1141 322 1207 392 888

110 487 202 552 nium,
228 501 325 543 mense
350 479 441 541 Juuio
470 481 643 541 Muxvrrr!
688 479 846 540 Dedicutio
872 491 903 539 et
929 479 1062 560 praefatio
1091 479 1205 542 Erasini

109 581 218 659 scripta
230 589 274 638 est
288 580 463 659 Antverpiar
478 579 579 640 Nonis
591 577 690 638 Juniis
704 585 792 642 1517.
807 581 836 639 iu
849 601 909 660 qua
922 581 976 650 ait,
990 601 1021 640 se
1035 579 1064 638 in
1077 580 1123 639 his
1135 602 1207 644 auc·

109 679 220 737 toribus
233 678 377 758 permulta
389 679 551 737 correxisse
565 687 595 737 et
611 679 779 738 restituisse.
821 677 952 738 Viderat
973 688 1072 738 autem
1093 681 1206 740 nonnisi
1310 667 1314 676 ¹

109 775 233 854 primum
250 774 433 834 collectionis
454 773 575 834 Aldina
595 775 735 836 volumen
746 795 755 843 ;
777 774 857 854 quod
877 783 1023 836 testantur
1043 776 1108 838 hac
1128 777 1208 837 illius

107 873 218 932 verba:
241 881 249 907 ‘
263 871 341 931 Cum
354 873 433 932 hanc
441 870 601 932 editionem
611 872 677 951 jam
690 871 887 944 adomassem,
896 873 1081 934 commodum
1099 873 1207 934 allatus

108 979 153 1029 est
166 969 336 1040 Suetonius,
349 968 473 1029 Aldinis
489 969 571 1050 typis
591 989 728 1041 excusus,
749 969 801 1029 sed
822 969 995 1030 emendatus
1012 991 1103 1052 opera
1124 971 1208 1053 Bap-

108 1067 185 1126 tistae
209 1066 342 1146 Egnatii,
362 1067 418 1127 riri
438 1065 608 1146 cumprimis
632 1075 695 1126 tum
721 1067 837 1145 integri,
860 1075 924 1126 tum
947 1065 1062 1128 eruditi.
1104 1069 1208 1150 Atque

109 1165 232 1234 utinam,
247 1173 281 1224 ut
294 1164 478 1235 Suetonium,
497 1163 653 1224 Aurelium
667 1163 834 1235 Victorem,
857 1173 889 1225 et
916 1163 1093 1247 Eutropium
1113 1166 1207 1238 dedit,

107 1262 193 1321 itaet
204 1261 316 1322 AElium
331 1261 532 1343 Spartianum,
545 1269 717 1341 ceterosque
729 1261 799 1321 huic
807 1260 962 1341 adjunctos
972 1263 1058 1323 nobis
1069 1262 1208 1346 dedisset,

108 1360 268 1439 inquibus
291 1379 344 1419 nos
367 1357 515 1440 permulta
538 1359 737 1420 restituimus!
777 1357 840 1419 Sed
863 1361 923 1440 ‚hac
950 1359 1121 1440 praelatione
1142 1365 1208 1441 jam

109 1459 220 1538 scripta
232 1465 263 1517 et
275 1477 413 1538 expressa
426 1457 515 1538 typis,
536 1457 653 1538 accepit
675 1453 839 1516 Frobenius
857 1455 1002 1517 codicem
1025 1456 1086 1519 Ms.
1107 1479 1124 1517 s
1146 1479 1209 1519 mo·

110 1555 238 1615 nasterio
256 1554 457 1626 Morbacensi,
477 1564 507 1616 et
519 1554 566 1616 ed.
589 1553 712 1614 Aldinae
723 1553 849 1614 alterum
864 1555 1012 1626 volumen,
1026 1555 1106 1636 quod
1118 1556 1209 1616 habet

111 1652 275 1734 Scriptores
289 1651 436 1712 Historiae
450 1652 596 1730 Augustae
611 1651 754 1712 Minores.
796 1650 906 1732 Itaque
920 1653 957 1712 iis
973 1652 1017 1712 usi
1031 1653 1150 1713 suntad
1164 1675 1209 1713 re-

110 1749 193 1829 liqua
212 1749 409 1828 castiganda:
440 1749 470 1808 iu
491 1750 537 1819 iis,
565 1767 633 1828 quar
653 1749 720 1828 jam
745 1769 884 1829 expressa
905 1758 993 1810 erant
1015 1751 1106 1830 typis,
1137 1753 1210 1810 satis

109 1847 240 1906 habuere
266 1845 407 1907 lectiones
428 1845 524 1906 venias
547 1845 696 1924 utriusque
720 1845 788 1905 libri
809 1865 978 1927 excerpere,
1000 1857 1032 1906 et
1057 1848 1086 1906 in
1111 1849 1209 1929 capite

108 1943 207 2023 operis
227 1943 347 2003 addere.

153 2074 193 2088 -
214 2040 341 2110 Aldina,
353 2047 383 2100 8.
404 2037 501 2100 Plinii
515 2038 594 2120 Epp.
617 2046 647 2098 et
667 2038 784 2118 Paneg.
809 2039 900 2100 babet
921 2043 1011 2102 etiam
1026 2041 1159 2103 libellum
1172 2042 1211 2103 de

109 2136 194 2198 Viris
209 2137 388 2198 illustribus.
483 2169 505 2219 '.

151 2241 231 2295 ’1521
253 2234 401 2306 Venetiis,
416 2232 533 2296 Aldina
547 2251 586 2295 11.
598 2235 731 2314 Egnatii,
745 2243 776 2296 8.
799 2233 848 2294 De
860 2234 937 2296 Vita
944 2243 982 2296 et
996 2235 1133 2298 Moribus
1146 2235 1210 2297 Im-

109 2342 277 2412 peratorum
297 2333 597 2414 excerptaexSexto
610 2332 757 2394 Aurelio:
779 2333 848 2393 item
873 2333 1010 2416 Eutropii
1032 2355 1060 2394 c.
1084 2355 1113 2394 n.
1138 2333 1210 2395 Des.

110 2431 241 2500 Erasmi,
263 2439 294 2489 et
317 2429 423 2489 Paulli
449 2429 578 2490 Diaconi
605 2430 643 2490 de
671 2430 774 2490 Gestis
796 2429 1001 2492 Romanorum
1026 2431 1094 2492 libri
1121 2449 1210 2494 xvu.

109 2527 192 2588 Cum
206 2525 358 2586 Suetonio.
401 2526 632 2608 Havercarnpus
644 2527 780 2587 contulit.

151 2631 235 2684 1524
254 2623 403 2695 Venetiis,
414 2631 443 2684 8.
465 2623 569 2684 eedem
581 2624 718 2704 repetita,
733 2633 807 2684 teste
821 2624 971 2687 Fabricio.

153 2727 234 2785 1527
256 2721 402 2791 Coloniae,
417 2720 470 2781 fol.
488 2719 574 2780 Sext.
593 2720 671 2780 Aur.
686 2720 803 2792 Victor,
818 2721 989 2802 Eutropius,
999 2731 1030 2782 et
1044 2721 1128 2783 Sext.
1144 2723 1212 2783 Ru-

108 2823 171 2893 fus,
185 2824 262 2881 inter
276 2819 399 2901 Scriptt.
413 2819 460 2881 H.
476 2821 519 2880 A.
531 2827 649 2880 curatos
662 2820 701 2880 ab
716 2819 840 2880 Erasmo
853 2841 903 2881 an.
917 2827 1008 2880 1518.

153 2925 235 2979 1529
254 2916 391 2987 Parisiis,
405 2923 434 2977 8.
456 2936 504 2998 ap.
516 2914 681 2976 Ooliuaeum
694 2917 821 2996 repetita
830 2927 875 2977 est
888 2915 1005 2978 Aldine
1018 2937 1067 2980 an.
1083 2925 1172 2980 1516.

151 3049 195 3062 -
214 3014 286 3075 ibid.
302 3021 333 3074 8.
354 3013 451 3074 Plinii
471 3012 573 3090 (Sext.
590 3013 668 3072 Aur.
693 3011 838 3088 Victoris)
858 3014 897 3075 de
920 3014 1004 3076 Viris
1030 3015 1212 3088 Illustribus,

108 3134 180 3174 cum
203 3111 301 3172 Plinii
327 3113 407 3193 Epp.
431 3120 462 3172 et
490 3111 607 3190 Paneg.
637 3111 670 3172 it.
700 3109 844 3173 Suetonio
870 3121 901 3172 et
922 3111 987 3173 Jul.
1011 3112 1211 3194 Obsequente.

111 3210 210 3292 Apud
223 3209 305 3270 Rob.
321 3208 514 3290 Stephanum.
1288 3221 1290 3224 ·

153 3315 236 3370 1530
257 3307 392 3376 Parisiis,
406 3315 435 3367 8.
468 3305 553 3366 Sext.
568 3305 645 3366 Aur.
659 3305 768 3367 Victor
790 3307 828 3367 de
847 3307 930 3368 Vitis
950 3307 1102 3370 cesarum
1130 3329 1147 3368 n
1171 3308 1212 3368 D·

111 3405 306 3485 Augustoad
320 3403 519 3464 Theodosium
538 3423 641 3484 usque.
684 3403 762 3463 (lum
783 3401 909 3464 Justino.
934 3405 1036 3466 Paris.
1061 3425 1111 3486 ap.
1138 3406 1211 3468 Sim.

111 3505 292 3564 Colinaeum.
981 3551 985 3560 .

152 3635 197 3648 --
219 3598 358 3670 Basileae,
372 3606 401 3658 8.
423 3618 471 3679 ep.
483 3595 690 3658 Cratandrum.
733 3595 819 3657 Idem
833 3596 959 3657 libellus.

153 3703 235 3758 naal
257 3695 395 3766 Parisiis,
413 3703 443 3756 8.
457 3714 507 3776 ap.
533 3693 608 3754 Sim.
635 3693 802 3754 Colinaeum
824 3693 943 3756 Aldina
965 3701 1055 3755 1516.
1078 3697 1213 3774 repetita.

110 3794 235 3857 Ibidem
248 3792 353 3853 Paulli
369 3791 498 3878 Diaconi
513 3791 594 3852 Libri
616 3807 694 3853 vlu.
709 3792 746 3853 dc
761 3791 865 3852 Gestis
879 3792 970 3852 Rom.
985 3790 1024 3852 ad
1038 3792 1214 3873 Eutropium

111 3892 222 3953 additi.

152 3994 237 4049 1583
260 3987 399 4056 Easdem,
418 3986 471 4048 iol.
498 3987 610 4048 Omnia
623 4005 712 4066 quarn
727 3988 852 4048 antehac
866 3986 1086 4047 emendatiora:
1109 3985 1214 4048 Anao·

110 4089 244 4176 tationes
268 4085 341 4146 Des.
368 4085 483 4144 Erasmi
507 4095 538 4143 et
562 4084 684 4162 Egnatii
709 4085 828 4162 cognitu
855 4083 963 4162 dignae.
1002 4083 1039 4146 C.
1055 4082 1215 4144 Suetonius

109 4183 318 4262 Tranquillus,
334 4181 414 4242 Dion
430 4181 561 4252 Cassius,
575 4181 670 4242 AElius
685 4180 871 4261 Spartianus,
895 4179 994 4240 Julius
1017 4180 1214 4262 Capitolinus,

112 4281 215 4341 AElius
230 4279 426 4360 Lampridius,
445 4279 601 4340 Vulcatius
614 4277 801 4352 Gallicanus,
824 4277 990 4340 Trebellius
1005 4278 1119 4350 Pollio,
1145 4277 1214 4336 Fla·
