2938 4888
412 310 526 360 suxrr
552 309 725 362 suasum
748 311 939 362 vrororns.
1167 297 1231 364 871

422 589 604 660 VERSIO
628 589 938 660 GERMANICA.

166 797 246 882 1500
267 790 438 870 Strosburg,
453 789 505 852 iol.
522 787 614 853 Com.
629 789 738 872 Nepos
752 791 844 868 (Aur.
859 791 981 868 Victor)
994 813 1061 856 vom
1078 793 1234 878 Urspruug

123 887 176 948 des
191 887 382 948 Roemisoheu
397 885 511 947 Reichs
528 885 581 947 der
595 903 658 948 vn.
671 885 807 966 Koenige,
817 888 874 947 wie
884 887 933 948 dic
946 891 1081 970 regiaret,
1103 893 1163 952 und
1177 895 1235 954 wie

123 986 166 1044 sie
182 983 280 1045 zulezt
293 985 457 1045 vertrieben
471 984 538 1044 sind
555 983 687 1056 worden,
702 983 764 1044 und
778 983 833 1044 das
849 985 1166 1065 Birgermeisterthum
1181 1011 1235 1052 uu·

124 1080 280 1161 gestingen.
322 1079 466 1141 Darnach
489 1079 585 1160 fulget
602 1080 657 1140 das
679 1080 780 1140 Leben
796 1081 856 1140 und
874 1082 990 1142 Thaten
1014 1083 1234 1148 etlicherwelt·

124 1177 219 1238 licher
229 1177 291 1238 und
304 1177 466 1239 herrlicher
485 1177 720 1256 Biirgermeister
732 1179 780 1238 bis
801 1179 856 1240 aui
866 1179 982 1240 Oneum
1003 1181 1172 1264 Pompeum
1188 1185 1236 1248 Μ.

125 1274 207 1334 Item
227 1274 266 1335 O.
290 1273 413 1355 Crispus
433 1273 604 1348 Sallustius,
619 1281 677 1336 &a
721 1275 810 1337 Alles
828 1297 886 1338 von
908 1298 1012 1340 ueuem
1036 1278 1235 1354 rerdeutsclrt,

125 1370 187 1432 und
201 1371 290 1451 lustig
304 1392 340 1432 zu
354 1370 447 1434 lesen.

418 1675 946 1696 .——---—-·-—-——--.....

172 1986 369 2052 Enrronss
395 1983 527 2070 antiqui
547 1981 711 2070 (Codices
733 1982 901 2069 quosdam
923 1981 1010 2049 Mss.
1027 1983 1152 2063 secuti)
1176 2001 1235 2047 uo-

123 2089 274 2154 minibus
290 2087 446 2164 diversis,
461 2095 584 2170 nempe
600 2084 716 2164 Plinii,
734 2085 896 2163 Suetonii,
911 2093 946 2150 et
956 2084 1102 2154 Cornelii
1119 2085 1237 2168 Nepo-

123 2193 185 2270 tis,
201 2195 253 2270 (ut
269 2190 342 2275 jam
359 2190 393 2256 iu
409 2188 685 2275 praecedentibus
707 2194 860 2254 notatum
881 2191 959 2268 est)
983 2187 1073 2272 quod
1097 2185 1237 2252 Aurelio

123 2292 262 2359 Victori
283 2292 547 2379 adjudicandum
572 2298 637 2371 est,
660 2293 921 2377 inscripserunt3
944 2299 979 2358 et
1006 2292 1085 2358 inde
1111 2292 1235 2358 laetum

122 2403 194 2473 est,
209 2416 239 2460 e.
251 2415 282 2476 g.

172 2498 229 2562 De
243 2496 339 2562 Viris
355 2495 560 2572 Illustribrrs,
580 2495 644 2560 sub
666 2494 769 2559 Plinii
784 2493 935 2562 Junioris
950 2495 1098 2570 nomine,
1115 2493 1237 2560 Venet.

120 2596 779 2681 1477.410.011οΒ1011010.8000000.
806 2617 868 2681 per
894 2597 1036 2663 Dibdin.
1060 2598 1127 2662 rol.
1151 2614 1175 2661 1.
1203 2617 1237 2680 p.

120 2699 207 2768 272.
222 2700 309 2764 iuter
325 2697 499 2782 Epistulas
513 2697 614 2762 Plinii
639 2699 713 2762 sine
737 2716 836 2774 anuo,
851 2703 888 2763 ut
913 2706 1033 2782 postea
1056 2699 1142 2762 inter
1156 2695 1238 2780 Epi-

120 2805 236 2871 stolas
255 2811 289 2870 ot
305 2801 546 2886 Panegyricum
559 2801 743 2867 orationem
764 2800 869 2865 Plinii
884 2801 918 2866 iu
934 2798 1060 2867 Aldina
1076 2799 1239 2881 editione,

120 2906 252 2972 Venet.
268 2905 369 2971 1508.
383 2904 464 2970 Suo.
547 2991 549 2994 .

175 3007 286 3072 Paris.
298 3007 397 3074 1504.
409 3009 479 3074 410.
502 3006 604 3072 Liber
619 3006 795 3074 continens
812 3012 938 3073 tantum
955 3008 1009 3072 De
1020 3004 1103 3072 Vita
1117 3010 1151 3070 01
1163 3002 1238 3070 Μο-

119 3109 226 3177 ribus
239 3108 340 3174 Rom.
358 3108 617 3194 Imperatorum,
631 3130 676 3176 ex
692 3109 787 3192 libris
802 3108 933 3175 Aurelii
949 3108 1112 3173 Victoris.

175 3211 276 3287 Fani,
293 3211 393 3276 1504.
412 3211 491 3276 800.
519 3212 612 3296 apud
636 3211 882 3297 Hieronymum
904 3211 1109 3276 Souciuum:
1133 3209 1241 3292 prima

118 3312 238 3379 editio
252 3310 384 3378 Aurelii
400 3311 569 3392 Victoris,
583 3319 621 3378 ut
645 3312 778 3391 dicitur,
793 3332 872 3396 qum
894 3312 1021 3378 saeculo
1039 3324 1125 3374 xvi.
1145 3309 1238 3374 erul-

117 3420 208 3498 gatu
220 3418 281 3478 cst.
326 3411 438 3489 Alios,
448 3423 571 3499 praeter
582 3413 713 3480 Aurelii
724 3413 888 3492 Victoris,
901 3420 1066 3478 tractatus
1082 3411 1238 3480 continet.

118 3514 259 3582 Moss's
275 3514 416 3604 Manpal
434 3515 475 3580 ol
485 3516 654 3582 Classical
671 3515 930 3600 Bibliography,
946 3515 1015 3579 vol.
1032 3531 1056 3580 r.
1072 3533 1108 3597 p.
1122 3513 1211 3582 208..

170 3617 288 3696 Sieue,
298 3616 396 3682 1506.
405 3615 476 3682 410.
500 3616 621 3684 Versio
635 3618 756 3682 Italica
771 3617 847 3682 libri
859 3616 915 3682 De
926 3615 1022 3682 Viris
1033 3615 1242 3691 Illustribus,

116 3720 195 3787 sub
216 3721 350 3786 nomine
371 3717 476 3804 Plinii
492 3718 780 3784 Novocomensis.
1258 3709 1262 3718 '

170 3819 723 3898 LiberlllnstriumViromm,sub
734 3821 869 3898 nomine
880 3819 1033 3886 Suetonii
1043 3816 1241 3901 Tranquilli,

116 3926 186 3994 vel
204 3923 351 3990 Cornelii
365 3922 526 4008 Nepotis,
541 3931 580 3990 ut
598 3925 632 3989 in
648 3923 806 4006 Epistola
830 3925 956 4008 scripta
978 3941 1039 4007 per
1054 3919 1240 3986 Sertorium

116 4031 407 4105 Cremonensem,
430 4026 583 4105 Taurini,
606 4025 843 4093 laos-luem
863 4024 1003 4111 Argent.
1035 4043 1078 4090 ox
1109 4021 1241 4090 aedibus

118 4129 295 4200 Matura
310 4128 604 4209 Sohurorii,151·2.
619 4129 684 4194 410.
