2938 4888
248 337 314 408 666
576 352 772 406 sacassus
797 353 1017 406 nnrrroausr
1061 367 1063 374 ·

250 497 389 580 Eutropii
402 496 505 559 linx.
518 517 586 558 cunr
607 513 686 559 v111.
710 497 796 558 libris
820 497 928 560 edditt.
950 497 1058 560 Paulli
1081 499 1171 560 Diae.
1195 497 1259 563 διὸ.
1273 502 1354 582 apud

250 595 376 658 Petrum
389 594 427 654 de
441 594 472 654 la
485 594 629 654 Roviere.

276 700 367 756 ⁴loll
390 691 552 764 Hacoriae,
578 691 632 752 iol.
668 691 803 752 Messala
830 691 989 764 Corvinus,
1014 693 1101 754 Sext
1129 693 1208 754 Aur.
1234 691 1355 767 Victor,

248 789 378 850 Psullus
392 789 558 861 Discursus,
572 787 659 850 Sext.
678 786 789 858 liuius,
801 789 877 850 iuter
891 787 976 850 Hist.
989 788 1075 868 nug.
1089 788 1257 872 Scriptores
1270 791 1356 852 lari·

247 907 302 948 nos
313 886 445 948 Minores
458 906 478 946 s
488 886 509 945 J
511 906 570 946 ano
583 884 715 946 Grutero
727 883 832 946 aditos.

287 991 368 1046 1616
389 983 560 1044 Amstelod.
580 982 628 1044 vel
651 981 748 1062 Lugd.
771 983 844 1042 Bat.
866 988 915 1044 16.
958 981 993 1044 S.
1008 982 1088 1044 Aur.
1105 982 1226 1055 Victor,
1250 981 1357 1043 Rufus

249 1079 367 1152 Festus,
382 1079 516 1140 Messeis
530 1079 689 1154 Corvinus,
705 1078 868 1159 Eutropius
880 1079 910 1138 iu
922 1077 1016 1140 Rom.
1032 1077 1120 1142 Hist.
1136 1079 1290 1160 Epitonre.

287 1185 370 1240 1626
390 1177 537 1250 Gensvae,
551 1177 604 1240 iol.
628 1177 771 1248 Messeis,
800 1175 919 1248 Victor,
941 1175 1054 1248 liuius,
1074 1186 1106 1238 st
1124 1176 1298 1259 Eutropius,
1325 1178 1354 1236 in

249 1261 358 1338 recusis
371 1275 495 1358 Seriptt.
510 1274 595 1336 Hist.
616 1273 709 1338 Rom.
727 1274 850 1336 Latinis.
892 1273 988 1356 Apud
1010 1273 1131 1336 viduum
1152 1274 1241 1336 Petri
1260 1274 1302 1334 de
1325 1275 1355 1334 ls

249 1371 391 1438 Roriers.

289 1475 369 1530 1626
390 1467 626 1540 Amsterodsmi,
648 1473 702 1530 24.
725 1466 811 1528 Sext.
828 1466 905 1530 Aur.
921 1467 1043 1539 Victor,
1055 1468 1143 1530 Sext.
1158 1466 1261 1528 Rufus
1285 1467 1355 1528 Fes-

246 1564 455 1638 tus,¹Messsla
476 1565 635 1634 Corvinus,
658 1563 831 1643 Eutropius,
855 1565 908 1641 (ax
930 1585 990 1626 rec.
1012 1563 1134 1644 Vineti)
1160 1583 1228 1626 cum
1254 1564 1355 1636 Floro,

249 1661 436 1725 Velleio...
451 1661 566 1722 Paullo
582 1659 672 1720 Dine.
689 1659 879 1733 cassiodoro,
892 1660 1059 1732 densendo,
1080 1671 1114 1722 et
1136 1662 1357 1743 Exupernntio,

248 1759 277 1819 in
292 1757 377 1820 Hist.
393 1757 485 1822 Rom.
501 1757 653 1838 Epitome.
694 1757 869 1820 Amstsrod.
884 1778 935 1842 sp.
957 1758 1084 1822 Gniliel.
1096 1759 1195 1820 Jnnn.
1210 1759 1355 1821 camum.

290 1861 370 1916 1629
391 1855 529 1934 Lugduni
544 1856 654 1916 Batsv.
682 1862 733 1916 12.
756 1854 892 1918 Elzevir.
914 1855 1102 1937 Respublica
1125 1855 1269 1917 Romna
1288 1867 1357 1937 post

249 1949 402 2014 Velleium
415 1962 447 2012 st
459 1951 581 2014 Florum
594 1953 687 2012 hebet
697 1951 856 2012 Aurelium
877 1951 1046 2026 Victorem,
1070 1953 1262 2034 Eutropium,
1282 1953 1355 2013 Oss-

247 2047 397 2110 siodorum
410 2055 468 2110 &a
482 2069 556 2112 curs
566 2049 654 2110 Petri
669 2048 819 2110 Scriverii.

288 2153 369 2208 1666
390 2146 560 2210 Amstslod.
572 2153 623 2208 12.
642 2145 739 2208 Iidem
750 2165 821 2210 eum
837 2145 962 2227 Seriptt.
975 2147 1082 2208 esteris
1094 2146 1268 2207 minoribus.
1300 2197 1303 2203 ,

288 2251 370 2304 1662
391 2243 487 2323 Lugd.
499 2243 574 2306 Bet.
591 2250 639 2304 12.
658 2264 698 2306 ex
711 2241 789 2306 offic.
803 2241 853 2306 Jo.
869 2243 985 2306 Mairii.
999 2251 1019 2304 5
1031 2243 1104 2306 soll.
1129 2241 1277 2303 Historia
1291 2239 1358 2300 Au-

247 2348 341 2420 gustae
356 2340 524 2420 Scriptores
537 2339 637 2402 Latini
647 2341 787 2411 minores,
801 2359 841 2404 ex
856 2341 1024 2404 recensione
1040 2341 1088 2411 M.
1099 2339 1204 2400 Zaerii
1217 2338 1359 2399 Boxlror·

247 2435 301 2496 nii.
343 2433 382 2495 In
395 2434 455 2496 fine
468 2433 588 2496 additas
605 2435 697 2496 habet
715 2435 932 2517 inscriptiones,
947 2456 1014 2517 qua
1037 2435 1270 2518 Imperatorum,
1283 2451 1360 2515 quo

246 2551 312 2592 nun
323 2532 396 2594 virs
407 2532 457 2594 lric
469 2531 688 2606 deseribuntur,
707 2534 889 2594 mentionem
904 2533 1031 2605 isciunt,
1044 2533 1229 2604 illustriores
1242 2551 1359 2592 necnon

248 2627 416 2689 Boxlrornii
428 2633 458 2690 in
472 2630 552 2711 ipsos
565 2629 635 2690 illos
651 2631 809 2711 scriptores
829 2630 1112 2693 animadversiones.
1156 2613 1361 2690 Editorlrasd

247 2725 339 2788 semel
351 2725 488 2788 dissentit
498 2747 567 2788 cum
576 2727 725 2788 Salmasio
737 2748 744 2796 ς
757 2745 812 2788 nec
820 2727 865 2788 its
878 2727 1042 2791 Sslmssius
1056 2725 1360 2808 preceperstsmsia,
1466 2749 1467 2778 2

248 2833 282 2882 ut
293 2823 374 2886 lraud
387 2823 532 2888 inveniret
552 2823 756 2896 Boxhornius,
769 2823 799 2884 in
817 2843 880 2904 quo
894 2824 986 2906 ipsius
998 2823 1159 2906 diligentia
1168 2822 1362 2883 laudabiliter
1466 2819 1467 2830 ²

247 2929 348 3000 posset
371 2921 491 2982 versari.
547 2918 751 3000 Reperiuntur
775 2941 846 2982 vero
872 2922 901 2981 in
922 2921 979 2982 hac
1003 2919 1200 2982 collectione:
1225 2919 1267 2980 C.
1294 2918 1360 2980 Jul.

249 3014 368 3085 Florus,
392 3015 433 3076 Ρ.
449 3013 587 3074 Velleius
601 3015 881 3088 Pateronnesos
908 3017 987 3080 Aur.
1010 3017 1129 3090 Victor,
1154 3017 1231 3078 Sex.
1258 3015 1363 3076 Rufus

248 3109 367 3182 Festus,
392 3107 525 3170 Mssssla
547 3109 706 3184 Corvinus,
721 3114 892 3194 Eutropius,
908 3112 1116 3186 Cassiodorus,
1130 3114 1169 3174 0.
1185 3113 1361 3182 Suetonius,

248 3204 345 3268 lElius
362 3205 539 3288 Spartianus
550 3225 619 3268 cum
631 3210 731 3282 sociis,
744 3219 777 3271 et
789 3210 970 3274 Ammianus
983 3210 1191 3272 Marcellinus.
1260 3257 1264 3264 .

290 3309 369 3367 1647
391 3303 631 3366 Amiternum.
654 3305 688 3366 8.
710 3305 924 3379 Aur..Victer,
945 3305 1066 3379 Festrrs,
1083 3308 1178 3368 Mem.
1192 3306 1362 3374 Corvinus,

248 3397 421 3481 Eutropius,
431 3420 500 3462 oum
510 3400 611 3473 Floro,
624 3401 759 3474 Velleio,
773 3402 802 3462 in
817 3402 904 3465 Hist.
918 3403 1012 3466 Rom.
1026 3404 1166 3484 Epitame
1179 3402 1262 3484 apud
1272 3403 1363 3464 Jam-

247 3513 373 3558 sonrum.
1466 3531 1467 3536 1

289 3597 371 3654 1649
392 3593 530 3672 Lugduni
544 3595 615 3657 Bet.
629 3601 677 3656 12.
701 3593 799 3656 Iidem
813 3596 843 3656 in
857 3595 942 3658 Hist.
956 3595 1049 3658 Rom.
1063 3597 1205 3678 Epitome
1218 3618 1237 3658 a
1251 3597 1364 3658 Museo
1466 3675 1467 3680 η

248 3686 284 3748 N
286 3688 324 3750 ic.
338 3687 512 3750 Blsucsrdi.
524 3711 574 3772 sp.
589 3691 668 3752 Adr.
682 3690 908 3772 Wyngaardeu.

289 3791 369 3846 1666
388 3783 532 3858 Generae,
559 3785 613 3846 iol.
641 3787 916 3850 Pseudo-Messeis
944 3789 1036 3854 Oorv.
1066 3790 1101 3852 8.
1127 3791 1209 3852 Asr.
1238 3789 1364 3858 Viator,

249 3880 362 3944 Sextus
374 3881 477 3944 Rufus
489 3904 514 3944 s.
529 3883 645 3958 Festus,
662 3885 826 3964 Eutropius
838 3906 906 3948 cum
920 3885 989 3948 aliis
1001 3890 1031 3948 in
1044 3887 1106 3950 rol.
1121 3903 1146 3948 r.
1162 3887 1258 3968 (lorp.
1275 3886 1365 3946 Hist

249 3975 341 4039 Rom.
355 4000 394 4040 ex
405 3979 452 4040 ed.
469 3986 557 4042 1669.
572 3991 603 4042 et
617 3988 706 4042 1626.
718 3982 836 4062 repetiti
847 4001 898 4064 sp.
912 3983 996 4046 Sem.
1012 3983 1140 4049 chonen.

290 4079 368 4138 1661
390 4076 543 4151 Selmurii,
570 4086 600 4140 6.
624 4079 786 4161 Eutropius
812 4090 844 4142 et
867 4080 949 4144 Aur.
978 4081 1096 4154 Victor,
1122 4101 1191 4146 oum
1218 4081 1367 4144 brevibus
1466 4063 1467 4096 ³

249 4169 360 4232 notulis
371 4169 447 4234 Tau.
461 4173 562 4236 Fabri.
