2938 4888
275 361 415 414 ιιιιιιιι..
432 361 527 412 vrcr.
546 360 750 421 uerronnrr,
774 362 856 410 car.
882 360 1021 410 xnvnr.
1130 345 1194 412 851

100 512 199 574 mur,
210 509 265 560 ἀλλ’
276 509 456 573 ιιφριιιόιιενοι
467 509 504 558 te·
516 507 578 572 einp*
590 507 629 556 καὶ
669 521 749 572 prope
761 507 860 572 divino,
878 521 926 572 per
943 522 971 558 re
988 507 1056 572 iprca
1071 513 1099 558 ct
1110 511 1197 560 mode-

100 589 142 637 τὸν
153 587 225 652 ἄνδρα
235 585 339 650 καθάπερ
349 584 528 647 feriamini
538 581 630 649 recipe
668 595 737 638 rulo!
748 596 775 637 el
785 601 877 650 graver
889 587 1019 637 milliare
1031 584 1125 637 faleor·
1141 589 1199 638 Eti-

99 668 194 729 μᾶλλον
210 663 350 726 αἰδούμενοι·
363 663 439 730 ἄρειον
458 663 484 714 il
503 663 574 726 φίλοι
591 662 630 713 ccl
668 679 708 716 ιιιι
720 665 784 715 illud
798 665 921 729 adjnngo‚
937 667 1032 728 ruplua
1049 663 1082 714 ad
1095 663 1197 715 laudem

100 742 234 803 συμβωιὴν
261 741 428 806 ἐπιγράφομιι.
471 741 630 792 Plutarchus
667 748 747 806 atque
764 741 1198 792 virtrrternnaturanralnedoctri·

100 828 172 869 certe
190 821 217 868 in
235 819 288 868 rita
304 819 455 882 Poplicola,
467 818 629 868 Athenodori
669 833 712 878 na,
731 833 807 884 qnam
824 821 880 868 aine
898 829 990 868 natura
1004 819 1116 868 raluiree
1135 819 1198 868 doc·

99 895 216 960 quaedam
239 895 361 958 advocat,
378 894 498 944 Octarire
521 893 630 943 Coeaarir
669 895 781 947 trinam'
813 895 938 946 Horatinr
957 896 1040 960 Epiri.
1060 908 1080 944 ι.
1103 899 1142 944 18.
1163 909 1199 943 ιι.

99 973 182 1022 aorori
202 972 334 1034 inreripta.
365 971 528 1034 'l'ranqrrillua
550 969 629 1018 etiarn
670 978 727 1023 luo.
741 977 749 1002 ‘
763 971 894 1022 Virtutem
910 972 1028 1021 doctrina
1047 979 1131 1035 paret,
1154 987 1199 1022 na·

98 1049 182 1098 literis
194 1048 304 1112 Angnari
317 1046 512 1098 Athenodorum
521 1046 629 1096 Claudio
670 1047 875 1099 antecederet-¹
909 1049 1002 1098 Cicero
1019 1050 1112 1098 lterum
1130 1047 1198 1099 Ora·
1227 1051 1229 1059 '

97 1127 630 1192 'liberioappoairnmdocet‚qnicumquo·
669 1127 740 1177 tione
757 1140 804 1190 pro
820 1125 891 1175 Mur.
903 1141 927 1176 c.
944 1128 985 1174 80.
1002 1125 1140 1174 ‘Fatebor
1157 1141 1198 1176 mc

98 1203 164 1254 tidie
188 1215 342 1261 uersaretur.
366 1219 464 1270 neuque
487 1204 630 1267 repientior
668 1217 770 1268 quoque
787 1203 813 1251 iu
829 1200 1016 1264 adolescentia,
1033 1199 1143 1252 diflirrrrn
1161 1201 1200 1250 in-

97 1281 256 1332 efficeratur.
281 1283 487 1345 claudicant.
508 1281 629 1332 ldemta·
669 1281 744 1344 genio
757 1294 824 1342 meo,
835 1279 959 1342 qrraaiaae
971 1277 1120 1341 adjumenta
1138 1277 1199 1326 uoc-

97 1376 159 1410 men
176 1376 235 1423 cap.
252 1365 292 1411 cl.
317 1362 416 1411 bivium
435 1373 538 1426 qnoque
555 1357 628 1408 fami·
669 1354 763 1405 trinae!
812 1355 888 1406 Quod
917 1355 1042 1404 rationem
1077 1353 1200 1418 loquendi

96 1437 566 1502 liarenrt‘uiare‚adeoqnercrilrendoe
579 1436 628 1484 lrlr·
668 1441 781 1497 rpecmr.
806 1447 857 1482 non
879 1433 990 1482 multum
1013 1430 1067 1481 abit
1087 1429 1199 1480 Ovidiua

96 1517 173 1566 toriae
200 1523 330 1565 auctorem
354 1514 464 1565 Claudio
489 1513 629 1563 exatitiare.
668 1507 1138 1572 exP0nt.Eptn.rv.r.rr.·vrvir
1154 1507 1199 1558 ad·

98 1591 169 1644 Quid
182 1592 203 1641 ai
216 1593 297 1654 igitur
314 1592 370 1641 loeo
381 1591 505 1651 didicerat,
515 1591 584 1656 qnod
602 1590 629 1638 in
667 1589 727 1645 huc,
750 1588 882 1651 uitamque
905 1585 954 1636 tibi
973 1584 1070 1635 debere
1091 1585 1200 1642 fatetur,

96 1668 163 1718 Mra·
179 1667 275 1718 at'uiaac
291 1669 348 1732 jam
360 1667 482 1728 dicimur,
498 1669 538 1716 rel
550 1667 629 1724 licio.
665 1659 751 1718 'Qnarn
760 1667 829 1728 priua
841 1681 856 1714 a
867 1663 925 1715 rnitl
937 1663 1042 1714 Cecrarc
1053 1677 1145 1712 ιιιιιιιιιι
1153 1663 1199 1711 lra-

97 1747 139 1794 rel
151 1746 433 1810 Atleaodcro(uterque
448 1745 516 1792 enim
527 1743 630 1807 Angue·
669 1743 732 1793 bet!
766 1743 795 1793 st
812 1743 868 1809 quir
887 1751 973 1792 tamen
991 1745 1085 1791 natura
1103 1751 1199 1790 mucre

97 1831 125 1872 to
139 1823 217 1887 juxta
233 1821 381 1886 familiaria)
392 1822 516 1884 acciptum
531 1819 629 1870 inerit?
670 1821 792 1882 voluerit,
813 1834 864 1872 non
884 1833 1043 1884 magnopere
1067 1818 1199 1882 pugnabo.

96 1901 151 1950 Sed
173 1901 229 1948 lroec
246 1899 396 1962 conjectura
416 1905 515 1947 tuntnm
533 1904 630 1954 noctu,
676 1898 763 1947 Arata.
863 1927 865 1932 ·
898 1951 901 1958 ¹

96 1991 149 2026 non
161 1974 296 2038 resculpere.
329 1975 467 2037 Vulgatam
484 1973 565 2038 igitur
576 1974 630 2023 lec·
703 1975 717 2038 ς
737 1979 767 2023 15
785 1973 892 2030 Monuit,
907 1973 948 2038 ιι]
966 1971 1051 2024 libert
1067 1981 1095 2022 at
1109 1987 1124 2021 a
1140 1987 1199 2022 uor-

96 2055 195 2104 tlonem
216 2051 337 2103 Frobenii
357 2061 385 2102 et
406 2051 495 2102 Vineti
517 2053 630 2101 retinere
670 2051 737 2101 trin:
762 2059 790 2100 et
812 2051 884 2100 uncia
907 2051 1049 2100 incluserat
1067 2051 1201 2100 Solottua.

96 2133 196 2195 placet,
207 2131 280 2196 quari
299 2129 443 2195 plriloaoplri
461 2143 553 2178 uonran
569 2145 631 2178 auc·
670 2130 756 2178 Aratr-

95 2210 163 2258 torir
175 2208 323 2258 memoriam
331 2205 446 2268 lugerit3
463 2206 523 2256 dum
535 2207 630 2256 rerirar
702 2207 716 2269 ς
736 2209 767 2254 lu
790 2203 876 2268 Rotae]
904 2203 985 2252 clerte
1003 2204 1073 2266 rrrlg.
1093 2209 1122 2252 et
1139 2215 1198 2250 rnux

94 2286 243 2335 Democriti
264 2295 345 2349 puteo
361 2298 443 2332 meran
465 2285 491 2332 in
513 2284 630 2346 apricum
667 2285 852 2348 grnocpondua.
885 2281 1200 2344 Rurarrnrieaigaipriacr'-

95 2357 404 2424 proiecerunt'emporn
423 2359 491 2407 eninr
509 2357 562 2408 filia
581 2369 630 2409 cat.
667 2377 717 2425 per,
739 2361 806 2426 qnod
830 2361 921 2410 mirum
948 2367 1073 2424 qnantum
1103 2359 1201 2423 placet.

95 2437 195 2486 Selloll.
230 2437 295 2484 Μιι.
314 2436 449 2484 etVerou.
468 2440 595 2483 cantaro:
615 2449 631 2482 ι
670 2437 754 2486 Iidem
771 2437 888 2486 collicitaa
904 2437 1035 2495 attendere,
1050 2434 1151 2499 cujacii
1171 2441 1200 2483 et

93 2513 194 2578 quibua
219 2513 298 2561 etium
319 2511 438 2575 acqucuti
461 2524 536 2560 verm
556 2511 632 2560 abeat
671 2516 766 2566 Pitlroei
777 2515 844 2564 liber
854 2513 1000 2563 collicilitiar
1014 2514 1139 2578 acriptnm
1156 2512 1200 2560 h..

93 2590 227 2639 inelnanrn
253 2589 377 2638 didicerat.
416 2587 449 2637 In
478 2587 631 2653 quibuadam
670 2593 743 2646 henr.
760 2591 852 2641 sonoro

93 2665 160 2716 edd.
173 2665 269 2728 legitur
286 2665 327 2714 llic
344 2667 431 2714 lucnr:
454 2665 523 2713 Unde
540 2664 633 2714 modica
702 2672 759 2734 §lt
778 2669 885 2730 Benigai
900 2667 1047 2732 prircipum]
1073 2667 1205 2718 lloratinr·

93 2742 215 2792 dilsslivfle
236 2739 405 2789 ‘mollitiam
438 2739 573 2804 Alidwlit
596 2753 632 2789 ’θ-
671 2746 723 2796 od.
745 2758 777 2796 ιι.
800 2749 839 2795 la.
858 2749 884 2794 9.
905 2743 959 2793 ‘At
980 2743 1045 2793 fider
1064 2751 1092 2793 ct
1113 2746 1201 2808 ingeni

92 2834 153 2869 ocra
162 2817 375 2881 proeccptaltniait
391 2817 511 2880 muron,
522 2819 560 2866 ccl
571 2819 632 2880 qaod
670 2822 790 2888 Benigne
801 2835 866 2874 rana
881 2820 940 2871 eet.'
966 2819 1204 2872 precipimur.

96 2896 630 2960 Augurina,cplriloroplrioedoclorcdidicc·
670 2904 711 2950 13.
732 2900 872 2964 ‘Namque
891 2898 942 2947 ieta
960 2897 1046 2947 cubita
1063 2913 1104 2948 me
1121 2899 1201 2963 jubet

93 2981 144 3024 rol.
169 2975 201 3023 ln
214 2990 265 3040 qua
276 2976 389 3025 lectione
399 2973 502 3026 Gil'aniu
513 2978 630 3040 ccpeulle·
670 2976 817 3040 benigniter
827 2975 942 3038 Vigilate
950 2974 1018 3024 :'ubi
1028 2975 1204 3036 Burmannna,

94 3051 211 3115 βλημένιι
222 3053 344 3102 ridentur
352 3054 632 3118 iata‚clipuandcrcrcrc
670 3058 719 3106 dcc.
747 3054 806 3104 Nec
818 3067 911 3102 canora
926 3061 976 3114 eat,
987 3067 1033 3102 cur
1040 3055 1156 3118 principer
1167 3071 1201 3104 ex

93 3136 227 3194 precepto.
239 3129 313 3192 Syllo.
346 3130 403 3179 Vox
415 3131 532 3180 didicerat
543 3129 630 3180 delen·
671 3131 730 3182 add.
742 3129 865 3197 prml'erut
877 3131 916 3179 vir
927 3130 1029 3192 doctna,
1039 3145 1098 3181 curn
1115 3133 1152 3182 ite
1163 3134 1201 3182 le·

94 3207 140 3266 de,
152 3207 324 3258 auudentibna
336 3207 409 3256 libria
427 3211 527 3256 calamo
540 3223 630 3258 exara·
670 3215 746 3274 patur
755 3217 846 3259 contra
858 3222 946 3257 omnea
957 3208 1023 3258 Mac·
1034 3217 1062 3258 ct
1072 3224 1124 3259 ιιοιι
1133 3212 1200 3260 male

94 3285 142 3346 ria,
153 3283 181 3333 in
194 3283 287 3347 quibua
299 3298 349 3333 nun
359 3284 466 3334 vicitur:
478 3285 556 3334 iidem
568 3301 632 3351 quo·
670 3285 745 3337 Leid.
756 3289 781 3335 2.
788 3284 939 3350 principium.
957 3285 1059 3334 Nomen
1071 3287 1139 3336 enlm
1151 3287 1201 3336 lroc

96 3377 149 3427 qne
168 3361 270 3412 hibent
288 3367 404 3410 oacrum
425 3369 536 3412 tanturn.
558 3362 633 3412 Grai.
670 3371 780 3427 utroque
805 3361 882 3410 modo
908 3359 1048 3424 genitivum
1074 3363 1200 3424 pluralem

94 3439 202 3490 Nescio
212 3453 276 3504 quaa
289 3439 314 3487 iu
329 3439 388 3488 loeo
400 3438 564 3503 apertissimo
578 3446 632 3488 tur·
671 3440 803 3490 terminat.
821 3438 912 3487 Cicero
924 3452 972 3502 pro
987 3439 1092 3504 Ligario
1102 3456 1161 3505 cap.
1173 3447 1199 3496 6.

94 3515 143 3564 baa
155 3517 276 3565 excitent
287 3515 335 3564 viri
347 3514 427 3572 docti.
446 3515 634 3579 ainrpllciaaima
670 3515 788 3566 ‘Partim
808 3515 901 3565 rtrrdiia
917 3531 932 3564 a
946 3517 1076 3568 communi
1087 3520 1201 3571 utilitate

96 3603 139 3643 eat
153 3593 237 3642 lectio
246 3591 312 3642 illae.
323 3592 484 3658 quaetentari
494 3607 545 3642 non
558 3593 634 3643 debe·
670 3593 860 3645 aberrantibur.
899 3593 1061 3659 Principium
1087 3596 1201 3660 digniter

94 3671 143 3723 bat
166 3671 329 3735 conjectari·
356 3670 440 3720 minuc
464 3671 633 3732 neceesarilr;
673 3678 731 3722 arat
743 3682 817 3736 pane
835 3674 906 3736 parr’
926 3672 964 3721 ita
981 3672 1007 3721 in
1024 3673 1124 3737 aeripto
1143 3674 1202 3723 cod.

94 3765 190 3800 renarra
208 3755 261 3808 erl,
279 3755 380 3798 tantum
397 3747 570 3798 Theodosium
589 3763 634 3797 na·
673 3751 770 3813 inveni,
788 3758 816 3800 et
834 3763 956 3800 numeror
972 3751 1095 3800 orationia
1109 3751 1202 3814 exigit.

93 3835 164 3876 turae
188 3822 317 3874 beneficio
339 3823 489 3888 prosecute,
511 3831 633 3889 quantum
671 3828 798 3880 Quinctil.
822 3827 898 3877 Deel.
918 3840 960 3876 xr.
981 3831 1005 3875 ι.
1023 3826 1131 3876 ‘Habet
1150 3829 1200 3880 hoc

97 3903 241 3970 Angnatua
253 3901 553 3966 litterarnmdirciplina.
567 3901 633 3951 linc
670 3904 730 3952 muli
743 3903 897 3967 principium
909 3899 1082 3951 innocencia?
1099 3903 1135 3952 aie
1144 3905 1200 3968 qui·

94 3979 400 4044 itaopponunturcpud
413 3979 565 4030 Ciceronem
584 3995 634 4044 pro
670 3979 728 4029 dem
741 3981 792 4029 Ma.
808 3979 877 4044 qnod
894 3979 1003 4042 contuli,
1022 3992 1080 4028 cum
1092 3981 1202 4032 nonnul·

98 4060 247 4110 Archiae.
268 4062 294 4107 7.
312 4058 388 4120 ‘Ego
405 4059 500 4107 multoc
518 4058 634 4108 hominen
670 4059 710 4117 lic,
733 4073 791 4124 qna
814 4055 903 4106 lendut
925 4056 1097 4108 Burmanuur.
1123 4058 1200 4109 Adda

96 4135 246 4187 excellenti
258 4134 341 4184 enimc
353 4149 385 4185 ac
402 4135 499 4185 uirtute
511 4133 591 4186 suinae
605 4143 633 4185 et
672 4136 775 4187 Dnlrer.
792 4133 824 4182 ad
841 4133 944 4182 Florum
963 4145 995 4183 ιι.
1013 4139 1038 4184 6.
1053 4132 1104 4184 tine
1116 4145 1143 4185 et
1157 4149 1200 4186 ιιι.

94 4215 154 4266 aiae
174 4211 306 4276 doctrina,
319 4217 419 4264 nrturae
441 4212 521 4278 ipaiua
543 4211 633 4264 lrcbitu
671 4217 712 4264 il.
723 4214 738 4278 i
751 4215 790 4264 1³.
807 4224 865 4262 cum
877 4208 966 4263 Curtio
982 4210 1015 4262 ad
1031 4211 1094 4263 Sall.
1104 4212 1167 4277 lug.
1177 4225 1201 4262 c.
