<?xml version="1.0" encoding="UTF-8"?>
<!DOCTYPE html PUBLIC "-//W3C//DTD XHTML 1.0 Transitional//EN"
    "http://www.w3.org/TR/xhtml1/DTD/xhtml1-transitional.dtd">
<html xmlns="http://www.w3.org/1999/xhtml" xml:lang="en" lang="en">
 <head>
  <title>
</title>
<meta http-equiv="Content-Type" content="text/html;charset=utf-8" />
  <meta name='ocr-system' content='tesseract 3.04.00' />
  <meta name='ocr-capabilities' content='ocr_page ocr_carea ocr_par ocr_line ocrx_word'/>
</head>
<body>
  <div class='ocr_page' id='page_1' title='image "./sextiaureliivic03victgoog_0419.png"; bbox 0 0 2938 4888; ppageno 0'>
   <div class='ocr_carea' id='block_1_1' title="bbox 254 337 1033 408">
    <p class='ocr_par' dir='ltr' id='par_1_1' title="bbox 254 337 1033 408">
     <span class='ocr_line' id='line_1_1' title="bbox 254 337 1033 408; baseline 0.01 -12"><span class='ocrx_word' id='word_1_1' title='bbox 254 337 322 408; x_wconf 54' lang='grc' dir='ltr'><strong>θῶ</strong></span> <span class='ocrx_word' id='word_1_2' title='bbox 592 349 787 402; x_wconf 68' lang='grc'><strong>1110871808</strong></span> <span class='ocrx_word' id='word_1_3' title='bbox 813 349 1033 406; x_wconf 69' lang='lat' dir='ltr'><strong>nnlttotwnt</strong></span> 
     </span>
    </p>
   </div>
   <div class='ocr_carea' id='block_1_2' title="bbox 254 493 1366 1066">
    <p class='ocr_par' dir='ltr' id='par_1_2' title="bbox 254 493 1366 1066">
     <span class='ocr_line' id='line_1_2' title="bbox 296 493 1364 566; baseline 0.004 -8"><span class='ocrx_word' id='word_1_4' title='bbox 296 501 378 560; x_wconf 89' lang='grc'><strong>1577</strong></span> <span class='ocrx_word' id='word_1_5' title='bbox 400 493 512 566; x_wconf 89' lang='lat' dir='ltr'><strong>Duaoi,</strong></span> <span class='ocrx_word' id='word_1_6' title='bbox 524 501 554 555; x_wconf 85' lang='lat'><strong>4.</strong></span> <span class='ocrx_word' id='word_1_7' title='bbox 577 494 662 556; x_wconf 85' lang='lat' dir='ltr'><strong>Sext.</strong></span> <span class='ocrx_word' id='word_1_8' title='bbox 677 495 756 556; x_wconf 84' lang='lat' dir='ltr'><strong>Aur.</strong></span> <span class='ocrx_word' id='word_1_9' title='bbox 773 495 907 558; x_wconf 88' lang='lat' dir='ltr'><strong>Victoris</strong></span> <span class='ocrx_word' id='word_1_10' title='bbox 927 495 966 558; x_wconf 86' lang='lat' dir='ltr'><strong>de</strong></span> <span class='ocrx_word' id='word_1_11' title='bbox 985 496 1070 558; x_wconf 87' lang='lat' dir='ltr'><strong>Viris</strong></span> <span class='ocrx_word' id='word_1_12' title='bbox 1090 496 1143 559; x_wconf 88' lang='lat' dir='ltr'><strong>lll.</strong></span> <span class='ocrx_word' id='word_1_13' title='bbox 1157 499 1241 560; x_wconf 86' lang='lat' dir='ltr'><strong>urbis</strong></span> <span class='ocrx_word' id='word_1_14' title='bbox 1251 495 1364 562; x_wconf 78' lang='lat' dir='ltr'><strong>Romae</strong></span> 
     </span>
     <span class='ocr_line' id='line_1_3' title="bbox 255 591 1363 680; baseline 0.002 -24"><span class='ocrx_word' id='word_1_15' title='bbox 255 593 345 666; x_wconf 83' lang='lat' dir='ltr'><strong>liber,</strong></span> <span class='ocrx_word' id='word_1_16' title='bbox 355 593 433 654; x_wconf 76' lang='lat' dir='ltr'><strong>falso</strong></span> <span class='ocrx_word' id='word_1_17' title='bbox 446 591 589 652; x_wconf 86' lang='lat' dir='ltr'><strong>hacteuus</strong></span> <span class='ocrx_word' id='word_1_18' title='bbox 602 591 694 652; x_wconf 87' lang='lat' dir='ltr'><strong>Corn.</strong></span> <span class='ocrx_word' id='word_1_19' title='bbox 710 591 839 674; x_wconf 83' lang='lat' dir='ltr'><strong>Nepoti,</strong></span> <span class='ocrx_word' id='word_1_20' title='bbox 851 593 900 654; x_wconf 80' lang='lat' dir='ltr'><strong>vol</strong></span> <span class='ocrx_word' id='word_1_21' title='bbox 912 593 951 655; x_wconf 82' lang='grc'><strong>0.</strong></span> <span class='ocrx_word' id='word_1_22' title='bbox 967 593 1073 654; x_wconf 86' lang='lat' dir='ltr'><strong>Plinio</strong></span> <span class='ocrx_word' id='word_1_23' title='bbox 1087 595 1217 657; x_wconf 79' lang='lat' dir='ltr'><strong>Caecilio</strong></span> <span class='ocrx_word' id='word_1_24' title='bbox 1237 598 1363 680; x_wconf 65' lang='lat' dir='ltr'><strong>insorip</strong></span> 
     </span>
     <span class='ocr_line' id='line_1_4' title="bbox 255 688 1366 773; baseline 0.003 -21"><span class='ocrx_word' id='word_1_25' title='bbox 255 700 320 752; x_wconf 89' lang='lat' dir='ltr'><strong>tus:</strong></span> <span class='ocrx_word' id='word_1_26' title='bbox 342 710 421 752; x_wconf 91' lang='lat' dir='ltr'><strong>nunc</strong></span> <span class='ocrx_word' id='word_1_27' title='bbox 443 708 546 750; x_wconf 90' lang='lat' dir='ltr'><strong>recens</strong></span> <span class='ocrx_word' id='word_1_28' title='bbox 565 709 602 748; x_wconf 86' lang='lat' dir='ltr'><strong>ex</strong></span> <span class='ocrx_word' id='word_1_29' title='bbox 628 697 701 750; x_wconf 84' lang='lat' dir='ltr'><strong>vett.</strong></span> <span class='ocrx_word' id='word_1_30' title='bbox 721 698 753 750; x_wconf 90' lang='lat' dir='ltr'><strong>et</strong></span> <span class='ocrx_word' id='word_1_31' title='bbox 776 688 853 752; x_wconf 82' lang='lat' dir='ltr'><strong>Mes.</strong></span> <span class='ocrx_word' id='word_1_32' title='bbox 869 689 1017 750; x_wconf 79' lang='lat' dir='ltr'>Codicum</span> <span class='ocrx_word' id='word_1_33' title='bbox 1031 695 1254 773; x_wconf 75' lang='lat' dir='ltr'><strong>comparatione</strong></span> <span class='ocrx_word' id='word_1_34' title='bbox 1266 695 1366 755; x_wconf 80' lang='lat' dir='ltr'><strong>factrus</strong></span> 
     </span>
     <span class='ocr_line' id='line_1_5' title="bbox 254 785 1364 870; baseline 0.003 -20"><span class='ocrx_word' id='word_1_35' title='bbox 254 789 371 851; x_wconf 76' lang='lat' dir='ltr'><strong>auctior</strong></span> <span class='ocrx_word' id='word_1_36' title='bbox 383 797 414 847; x_wconf 91' lang='lat' dir='ltr'><strong>et</strong></span> <span class='ocrx_word' id='word_1_37' title='bbox 426 785 609 846; x_wconf 75' lang='lat' dir='ltr'>emendatior</span> <span class='ocrx_word' id='word_1_38' title='bbox 627 787 667 846; x_wconf 87' lang='lat' dir='ltr'><strong>sb</strong></span> <span class='ocrx_word' id='word_1_39' title='bbox 687 786 787 848; x_wconf 86' lang='lat' dir='ltr'><strong>Andr.</strong></span> <span class='ocrx_word' id='word_1_40' title='bbox 809 787 935 848; x_wconf 87' lang='lat' dir='ltr'><strong>Sobotto</strong></span> <span class='ocrx_word' id='word_1_41' title='bbox 955 788 1174 870; x_wconf 84' lang='lat' dir='ltr'><strong>Antverpisno.</strong></span> <span class='ocrx_word' id='word_1_42' title='bbox 1215 791 1364 870; x_wconf 49' lang='lat' dir='ltr'><strong>nguarlem</strong></span> 
     </span>
     <span class='ocr_line' id='line_1_6' title="bbox 254 881 1364 968; baseline 0.004 -22"><span class='ocrx_word' id='word_1_43' title='bbox 254 881 346 956; x_wconf 70' lang='lat' dir='ltr'><strong>notes,</strong></span> <span class='ocrx_word' id='word_1_44' title='bbox 364 884 475 966; x_wconf 87' lang='lat' dir='ltr'><strong>quibus</strong></span> <span class='ocrx_word' id='word_1_45' title='bbox 497 883 605 964; x_wconf 87' lang='lat' dir='ltr'><strong>partim</strong></span> <span class='ocrx_word' id='word_1_46' title='bbox 624 883 863 944; x_wconf 74' lang='lat' dir='ltr'><strong>emendationum</strong></span> <span class='ocrx_word' id='word_1_47' title='bbox 881 885 959 945; x_wconf 85' lang='lat' dir='ltr'><strong>ratio</strong></span> <span class='ocrx_word' id='word_1_48' title='bbox 977 885 1158 967; x_wconf 83' lang='lat' dir='ltr'><strong>explicatur,</strong></span> <span class='ocrx_word' id='word_1_49' title='bbox 1177 889 1287 968; x_wconf 67' lang='lat' dir='ltr'><strong>parum</strong></span> <span class='ocrx_word' id='word_1_50' title='bbox 1310 891 1364 950; x_wconf 91' lang='lat' dir='ltr'><strong>ob-</strong></span> 
     </span>
     <span class='ocr_line' id='line_1_7' title="bbox 254 979 1364 1066; baseline 0.004 -22"><span class='ocrx_word' id='word_1_51' title='bbox 254 1003 340 1044; x_wconf 82' lang='lat' dir='ltr'><strong>scum</strong></span> <span class='ocrx_word' id='word_1_52' title='bbox 350 991 381 1042; x_wconf 91' lang='lat' dir='ltr'><strong>et</strong></span> <span class='ocrx_word' id='word_1_53' title='bbox 394 979 798 1062; x_wconf 84' lang='lat' dir='ltr'><strong>antiquitatesilluetrantur:</strong></span> <span class='ocrx_word' id='word_1_54' title='bbox 820 990 854 1042; x_wconf 89' lang='lat' dir='ltr'><strong>ut</strong></span> <span class='ocrx_word' id='word_1_55' title='bbox 866 981 933 1042; x_wconf 87' lang='lat' dir='ltr'><strong>vioe</strong></span> <span class='ocrx_word' id='word_1_56' title='bbox 945 984 1150 1044; x_wconf 83' lang='lat' dir='ltr'><strong>commentarii</strong></span> <span class='ocrx_word' id='word_1_57' title='bbox 1160 1004 1225 1044; x_wconf 72' lang='lat' dir='ltr'><strong>eoo</strong></span> <span class='ocrx_word' id='word_1_58' title='bbox 1239 987 1364 1066; x_wconf 65' lang='lat' dir='ltr'><strong>posint</strong></span> 
     </span>
    </p>
   </div>
   <div class='ocr_carea' id='block_1_3' title="bbox 253 1177 326 1241">
    <p class='ocr_par' dir='ltr' id='par_1_3' title="bbox 253 1177 326 1241">
     <span class='ocr_line' id='line_1_8' title="bbox 253 1177 326 1241; baseline 0.055 -4"><span class='ocrx_word' id='word_1_59' title='bbox 253 1177 326 1241; x_wconf 88' lang='grc'><strong>817.</strong></span> 
     </span>
    </p>
   </div>
   <div class='ocr_carea' id='block_1_4' title="bbox 381 1429 1234 1500">
    <p class='ocr_par' dir='ltr' id='par_1_4' title="bbox 381 1429 1234 1500">
     <span class='ocr_line' id='line_1_9' title="bbox 381 1429 1234 1500; baseline 0.005 -6"><span class='ocrx_word' id='word_1_60' title='bbox 381 1431 506 1494; x_wconf 74' lang='lat' dir='ltr'><strong>ms</strong></span> <span class='ocrx_word' id='word_1_61' title='bbox 529 1429 599 1492; x_wconf 90' lang='lat'>111.</span> <span class='ocrx_word' id='word_1_62' title='bbox 622 1429 928 1492; x_wconf 73' lang='lat' dir='ltr'><strong>scrIOTrIANA</strong></span> <span class='ocrx_word' id='word_1_63' title='bbox 949 1452 997 1494; x_wconf 82' lang='lat' dir='ltr'><strong>nn.</strong></span> <span class='ocrx_word' id='word_1_64' title='bbox 1019 1439 1234 1500; x_wconf 87' lang='grc'><strong>1570-1678.</strong></span> 
     </span>
    </p>
   </div>
   <div class='ocr_carea' id='block_1_5' title="bbox 248 1583 1363 2632">
    <p class='ocr_par' dir='ltr' id='par_1_5' title="bbox 249 1583 1363 2154">
     <span class='ocr_line' id='line_1_10' title="bbox 296 1583 1362 1666; baseline 0.004 -18"><span class='ocrx_word' id='word_1_65' title='bbox 296 1595 375 1652; x_wconf 89' lang='grc'><strong>1579</strong></span> <span class='ocrx_word' id='word_1_66' title='bbox 395 1586 586 1666; x_wconf 76' lang='grc' dir='ltr'>Αιιιιιιρὶιι,</span> <span class='ocrx_word' id='word_1_67' title='bbox 610 1591 641 1646; x_wconf 90' lang='grc'><strong>8.</strong></span> <span class='ocrx_word' id='word_1_68' title='bbox 672 1583 759 1644; x_wconf 83' lang='lat' dir='ltr'>Sext.</span> <span class='ocrx_word' id='word_1_69' title='bbox 787 1585 865 1646; x_wconf 85' lang='lat' dir='ltr'><strong>Aur.</strong></span> <span class='ocrx_word' id='word_1_70' title='bbox 889 1585 1023 1648; x_wconf 86' lang='lat' dir='ltr'><strong>Victoris</strong></span> <span class='ocrx_word' id='word_1_71' title='bbox 1045 1587 1190 1650; x_wconf 68' lang='lat' dir='ltr'><strong>Histoire</strong></span> <span class='ocrx_word' id='word_1_72' title='bbox 1213 1589 1362 1652; x_wconf 71' lang='lat' dir='ltr'><strong>Romsaae</strong></span> 
     </span>
     <span class='ocr_line' id='line_1_11' title="bbox 253 1681 1362 1762; baseline 0.001 -14"><span class='ocrx_word' id='word_1_73' title='bbox 253 1685 441 1748; x_wconf 79' lang='lat' dir='ltr'><strong>Bmviarium</strong></span> <span class='ocrx_word' id='word_1_74' title='bbox 455 1703 474 1743; x_wconf 82' lang='lat' dir='ltr'><strong>u</strong></span> <span class='ocrx_word' id='word_1_75' title='bbox 490 1681 571 1742; x_wconf 75' lang='lat' dir='ltr'><strong>lano</strong></span> <span class='ocrx_word' id='word_1_76' title='bbox 583 1689 614 1741; x_wconf 88' lang='lat' dir='ltr'><strong>et</strong></span> <span class='ocrx_word' id='word_1_77' title='bbox 632 1681 763 1742; x_wconf 81' lang='lat' dir='ltr'><strong>Saturno</strong></span> <span class='ocrx_word' id='word_1_78' title='bbox 776 1701 870 1762; x_wconf 81' lang='lat' dir='ltr'><strong>usque</strong></span> <span class='ocrx_word' id='word_1_79' title='bbox 884 1681 924 1742; x_wconf 83' lang='lat' dir='ltr'><strong>ad</strong></span> <span class='ocrx_word' id='word_1_80' title='bbox 938 1683 1126 1744; x_wconf 83' lang='lat' dir='ltr'><strong>consulatum</strong></span> <span class='ocrx_word' id='word_1_81' title='bbox 1141 1705 1177 1748; x_wconf 83' lang='lat' dir='ltr'><strong>x.</strong></span> <span class='ocrx_word' id='word_1_82' title='bbox 1192 1687 1362 1748; x_wconf 85' lang='lat' dir='ltr'><strong>Constantii</strong></span> 
     </span>
     <span class='ocr_line' id='line_1_12' title="bbox 253 1777 1361 1860; baseline 0.001 -17"><span class='ocrx_word' id='word_1_83' title='bbox 253 1783 338 1860; x_wconf 76' lang='lat' dir='ltr'><strong>Aug.</strong></span> <span class='ocrx_word' id='word_1_84' title='bbox 351 1789 382 1841; x_wconf 89' lang='lat' dir='ltr'><strong>et</strong></span> <span class='ocrx_word' id='word_1_85' title='bbox 395 1779 511 1840; x_wconf 83' lang='lat' dir='ltr'><strong>Juliani</strong></span> <span class='ocrx_word' id='word_1_86' title='bbox 530 1777 609 1838; x_wconf 73' lang='lat' dir='ltr'><strong>Cres.</strong></span> <span class='ocrx_word' id='word_1_87' title='bbox 626 1793 681 1838; x_wconf 84' lang='lat'>111.</span> <span class='ocrx_word' id='word_1_88' title='bbox 696 1797 847 1858; x_wconf 81' lang='lat' dir='ltr'><strong>nunquam</strong></span> <span class='ocrx_word' id='word_1_89' title='bbox 862 1787 951 1840; x_wconf 84' lang='lat' dir='ltr'><strong>antea</strong></span> <span class='ocrx_word' id='word_1_90' title='bbox 964 1779 1076 1840; x_wconf 87' lang='lat' dir='ltr'><strong>editum</strong></span> <span class='ocrx_word' id='word_1_91' title='bbox 1088 1801 1096 1850; x_wconf 77' lang='grc' dir='ltr'>ς</span> <span class='ocrx_word' id='word_1_92' title='bbox 1118 1781 1157 1842; x_wconf 87' lang='lat' dir='ltr'><strong>de</strong></span> <span class='ocrx_word' id='word_1_93' title='bbox 1170 1783 1258 1844; x_wconf 89' lang='lat' dir='ltr'><strong>Viris</strong></span> <span class='ocrx_word' id='word_1_94' title='bbox 1272 1783 1361 1844; x_wconf 79' lang='lat' dir='ltr'><strong>Illus-</strong></span> 
     </span>
     <span class='ocr_line' id='line_1_13' title="bbox 252 1873 1363 1962; baseline 0.001 -22"><span class='ocrx_word' id='word_1_95' title='bbox 252 1879 364 1948; x_wconf 69' lang='lat' dir='ltr'><strong>tribuat</strong></span> <span class='ocrx_word' id='word_1_96' title='bbox 387 1875 632 1943; x_wconf 68' lang='lat' dir='ltr'><strong>decessoribus:</strong></span> <span class='ocrx_word' id='word_1_97' title='bbox 654 1873 692 1935; x_wconf 89' lang='lat' dir='ltr'><strong>de</strong></span> <span class='ocrx_word' id='word_1_98' title='bbox 701 1873 779 1936; x_wconf 83' lang='lat' dir='ltr'><strong>Vita</strong></span> <span class='ocrx_word' id='word_1_99' title='bbox 788 1883 820 1935; x_wconf 89' lang='lat' dir='ltr'><strong>et</strong></span> <span class='ocrx_word' id='word_1_100' title='bbox 829 1873 969 1936; x_wconf 83' lang='lat' dir='ltr'><strong>Moribus</strong></span> <span class='ocrx_word' id='word_1_101' title='bbox 982 1875 1197 1958; x_wconf 80' lang='lat' dir='ltr'><strong>imperatorum</strong></span> <span class='ocrx_word' id='word_1_102' title='bbox 1210 1879 1363 1962; x_wconf 84' lang='lat' dir='ltr'><strong>Epitome,</strong></span> 
     </span>
     <span class='ocr_line' id='line_1_14' title="bbox 249 1971 1362 2055; baseline -0.001 -16"><span class='ocrx_word' id='word_1_103' title='bbox 249 1997 320 2040; x_wconf 89' lang='lat' dir='ltr'><strong>cum</strong></span> <span class='ocrx_word' id='word_1_104' title='bbox 332 1974 576 2055; x_wconf 68' lang='lat' dir='ltr'><strong>castigationibus</strong></span> <span class='ocrx_word' id='word_1_105' title='bbox 591 1971 668 2030; x_wconf 79' lang='lat' dir='ltr'><strong>Elim</strong></span> <span class='ocrx_word' id='word_1_106' title='bbox 692 1971 809 2032; x_wconf 89' lang='lat' dir='ltr'><strong>Vineti.</strong></span> <span class='ocrx_word' id='word_1_107' title='bbox 854 1972 902 2031; x_wconf 83' lang='lat' dir='ltr'><strong>Ex</strong></span> <span class='ocrx_word' id='word_1_108' title='bbox 918 1971 1102 2034; x_wconf 88' lang='lat' dir='ltr'><strong>bibliotheca</strong></span> <span class='ocrx_word' id='word_1_109' title='bbox 1115 1975 1215 2036; x_wconf 86' lang='lat' dir='ltr'><strong>Andr.</strong></span> <span class='ocrx_word' id='word_1_110' title='bbox 1232 1975 1362 2050; x_wconf 88' lang='lat' dir='ltr'><strong>Scbotti,</strong></span> 
     </span>
     <span class='ocr_line' id='line_1_15' title="bbox 249 2069 1248 2154; baseline -0.003 -17"><span class='ocrx_word' id='word_1_111' title='bbox 249 2076 337 2154; x_wconf 84' lang='lat' dir='ltr'><strong>cujus</strong></span> <span class='ocrx_word' id='word_1_112' title='bbox 348 2073 440 2134; x_wconf 83' lang='lat' dir='ltr'><strong>etiam</strong></span> <span class='ocrx_word' id='word_1_113' title='bbox 451 2079 530 2132; x_wconf 69' lang='lat' dir='ltr'><strong>note</strong></span> <span class='ocrx_word' id='word_1_114' title='bbox 543 2069 671 2148; x_wconf 84' lang='lat' dir='ltr'><strong>adjeotre</strong></span> <span class='ocrx_word' id='word_1_115' title='bbox 683 2077 761 2128; x_wconf 90' lang='lat' dir='ltr'><strong>sunt.</strong></span> <span class='ocrx_word' id='word_1_116' title='bbox 805 2069 902 2129; x_wconf 73' lang='lat' dir='ltr'><strong>Anto.</strong></span> <span class='ocrx_word' id='word_1_117' title='bbox 916 2089 955 2130; x_wconf 82' lang='lat' dir='ltr'><strong>ex</strong></span> <span class='ocrx_word' id='word_1_118' title='bbox 970 2069 1022 2132; x_wconf 83' lang='lat' dir='ltr'><strong>off.</strong></span> <span class='ocrx_word' id='word_1_119' title='bbox 1037 2070 1248 2135; x_wconf 75' lang='lat' dir='ltr'><strong>Plautinisna.</strong></span> 
     </span>
    </p>

    <p class='ocr_par' dir='ltr' id='par_1_6' title="bbox 248 2164 1363 2632">
     <span class='ocr_line' id='line_1_16' title="bbox 289 2164 1363 2247; baseline 0.002 -17"><span class='ocrx_word' id='word_1_120' title='bbox 289 2169 378 2231; x_wconf 83' lang='lat' dir='ltr'><strong>Hinc</strong></span> <span class='ocrx_word' id='word_1_121' title='bbox 398 2187 477 2228; x_wconf 84' lang='lat' dir='ltr'><strong>nova</strong></span> <span class='ocrx_word' id='word_1_122' title='bbox 494 2174 567 2228; x_wconf 71' lang='lat' dir='ltr'><strong>star</strong></span> <span class='ocrx_word' id='word_1_123' title='bbox 584 2165 617 2227; x_wconf 89' lang='lat' dir='ltr'><strong>S.</strong></span> <span class='ocrx_word' id='word_1_124' title='bbox 632 2167 677 2228; x_wconf 85' lang='grc' dir='ltr'><strong>Α.</strong></span> <span class='ocrx_word' id='word_1_125' title='bbox 693 2164 813 2226; x_wconf 86' lang='lat' dir='ltr'><strong>Victori</strong></span> <span class='ocrx_word' id='word_1_126' title='bbox 835 2164 936 2226; x_wconf 84' lang='lat' dir='ltr'><strong>illuxit</strong></span> <span class='ocrx_word' id='word_1_127' title='bbox 960 2186 979 2226; x_wconf 87' lang='lat' dir='ltr'><strong>a</strong></span> <span class='ocrx_word' id='word_1_128' title='bbox 1003 2165 1129 2227; x_wconf 86' lang='lat' dir='ltr'><strong>Sobotto</strong></span> <span class='ocrx_word' id='word_1_129' title='bbox 1151 2170 1217 2247; x_wconf 88' lang='lat' dir='ltr'><strong>ejus</strong></span> <span class='ocrx_word' id='word_1_130' title='bbox 1244 2169 1363 2243; x_wconf 84' lang='lat' dir='ltr'><strong>reduce,</strong></span> 
     </span>
     <span class='ocr_line' id='line_1_17' title="bbox 249 2259 1361 2347; baseline 0.001 -21"><span class='ocrx_word' id='word_1_131' title='bbox 249 2267 302 2347; x_wconf 90' lang='lat' dir='ltr'><strong>qui</strong></span> <span class='ocrx_word' id='word_1_132' title='bbox 315 2267 426 2346; x_wconf 85' lang='lat' dir='ltr'><strong>primus</strong></span> <span class='ocrx_word' id='word_1_133' title='bbox 439 2263 518 2322; x_wconf 91' lang='lat' dir='ltr'><strong>illius</strong></span> <span class='ocrx_word' id='word_1_134' title='bbox 532 2261 721 2322; x_wconf 80' lang='lat' dir='ltr'><strong>Breviorium</strong></span> <span class='ocrx_word' id='word_1_135' title='bbox 736 2260 823 2320; x_wconf 89' lang='lat' dir='ltr'><strong>Hist.</strong></span> <span class='ocrx_word' id='word_1_136' title='bbox 838 2259 931 2322; x_wconf 85' lang='lat' dir='ltr'><strong>Rom.</strong></span> <span class='ocrx_word' id='word_1_137' title='bbox 945 2279 971 2323; x_wconf 90' lang='grc' dir='ltr'><strong>ι.</strong></span> <span class='ocrx_word' id='word_1_138' title='bbox 980 2260 1157 2342; x_wconf 58' lang='grc' dir='ltr'><strong>68.οήςὶιο</strong></span> <span class='ocrx_word' id='word_1_139' title='bbox 1169 2264 1284 2326; x_wconf 84' lang='lat' dir='ltr'><strong>Gentis</strong></span> <span class='ocrx_word' id='word_1_140' title='bbox 1297 2265 1361 2327; x_wconf 86' lang='lat' dir='ltr'><strong>Ro·</strong></span> 
     </span>
     <span class='ocr_line' id='line_1_18' title="bbox 249 2356 1363 2444; baseline 0.001 -23"><span class='ocrx_word' id='word_1_141' title='bbox 249 2381 345 2422; x_wconf 72' lang='lat' dir='ltr'><strong>mane</strong></span> <span class='ocrx_word' id='word_1_142' title='bbox 359 2369 391 2420; x_wconf 90' lang='lat' dir='ltr'><strong>et</strong></span> <span class='ocrx_word' id='word_1_143' title='bbox 410 2359 519 2418; x_wconf 89' lang='lat' dir='ltr'><strong>librum</strong></span> <span class='ocrx_word' id='word_1_144' title='bbox 538 2357 577 2418; x_wconf 86' lang='lat' dir='ltr'><strong>de</strong></span> <span class='ocrx_word' id='word_1_145' title='bbox 593 2356 764 2416; x_wconf 65' lang='lat' dir='ltr'><strong>Cesaribus</strong></span> <span class='ocrx_word' id='word_1_146' title='bbox 777 2376 816 2418; x_wconf 84' lang='lat' dir='ltr'><strong>ex</strong></span> <span class='ocrx_word' id='word_1_147' title='bbox 831 2357 1016 2419; x_wconf 72' lang='lat' dir='ltr'><strong>bibliotheca</strong></span> <span class='ocrx_word' id='word_1_148' title='bbox 1035 2379 1090 2420; x_wconf 81' lang='lat' dir='ltr'><strong>aua</strong></span> <span class='ocrx_word' id='word_1_149' title='bbox 1110 2361 1246 2442; x_wconf 89' lang='lat' dir='ltr'><strong>protulit,</strong></span> <span class='ocrx_word' id='word_1_150' title='bbox 1268 2363 1363 2444; x_wconf 83' lang='lat' dir='ltr'><strong>iisque</strong></span> 
     </span>
     <span class='ocr_line' id='line_1_19' title="bbox 248 2453 1362 2530; baseline 0.002 -12"><span class='ocrx_word' id='word_1_151' title='bbox 248 2459 358 2518; x_wconf 87' lang='lat' dir='ltr'><strong>librum</strong></span> <span class='ocrx_word' id='word_1_152' title='bbox 370 2456 409 2517; x_wconf 87' lang='lat' dir='ltr'><strong>do</strong></span> <span class='ocrx_word' id='word_1_153' title='bbox 424 2455 511 2515; x_wconf 88' lang='lat' dir='ltr'><strong>Viris</strong></span> <span class='ocrx_word' id='word_1_154' title='bbox 522 2453 639 2514; x_wconf 78' lang='lat' dir='ltr'><strong>illustr.</strong></span> <span class='ocrx_word' id='word_1_155' title='bbox 653 2472 713 2514; x_wconf 84' lang='lat' dir='ltr'><strong>ase</strong></span> <span class='ocrx_word' id='word_1_156' title='bbox 728 2453 848 2516; x_wconf 83' lang='lat' dir='ltr'><strong>Victori</strong></span> <span class='ocrx_word' id='word_1_157' title='bbox 863 2463 953 2516; x_wconf 86' lang='lat' dir='ltr'><strong>antea</strong></span> <span class='ocrx_word' id='word_1_158' title='bbox 963 2455 1162 2530; x_wconf 79' lang='lat' dir='ltr'><strong>vindicatum,</strong></span> <span class='ocrx_word' id='word_1_159' title='bbox 1180 2467 1212 2517; x_wconf 88' lang='lat' dir='ltr'><strong>et</strong></span> <span class='ocrx_word' id='word_1_160' title='bbox 1224 2459 1313 2519; x_wconf 90' lang='lat' dir='ltr'><strong>illum</strong></span> <span class='ocrx_word' id='word_1_161' title='bbox 1327 2460 1362 2520; x_wconf 84' lang='lat' dir='ltr'><strong>rle</strong></span> 
     </span>
     <span class='ocr_line' id='line_1_20' title="bbox 249 2550 1363 2632; baseline 0 -16"><span class='ocrx_word' id='word_1_162' title='bbox 249 2555 326 2616; x_wconf 90' lang='lat' dir='ltr'><strong>Vita</strong></span> <span class='ocrx_word' id='word_1_163' title='bbox 339 2563 370 2614; x_wconf 88' lang='lat' dir='ltr'><strong>et</strong></span> <span class='ocrx_word' id='word_1_164' title='bbox 390 2552 526 2614; x_wconf 88' lang='lat' dir='ltr'><strong>Moribus</strong></span> <span class='ocrx_word' id='word_1_165' title='bbox 540 2551 640 2632; x_wconf 88' lang='lat' dir='ltr'><strong>Impp.</strong></span> <span class='ocrx_word' id='word_1_166' title='bbox 657 2550 748 2610; x_wconf 86' lang='lat' dir='ltr'><strong>Rom.</strong></span> <span class='ocrx_word' id='word_1_167' title='bbox 774 2571 793 2612; x_wconf 82' lang='lat' dir='ltr'><strong>a</strong></span> <span class='ocrx_word' id='word_1_168' title='bbox 811 2552 932 2631; x_wconf 90' lang='lat' dir='ltr'><strong>juniore</strong></span> <span class='ocrx_word' id='word_1_169' title='bbox 952 2551 1082 2632; x_wconf 84' lang='lat' dir='ltr'><strong>quodam</strong></span> <span class='ocrx_word' id='word_1_170' title='bbox 1098 2563 1219 2615; x_wconf 84' lang='lat' dir='ltr'><strong>auctore</strong></span> <span class='ocrx_word' id='word_1_171' title='bbox 1233 2575 1273 2615; x_wconf 87' lang='lat' dir='ltr'><strong>ex</strong></span> <span class='ocrx_word' id='word_1_172' title='bbox 1289 2557 1363 2617; x_wconf 79' lang='lat' dir='ltr'><strong>Vir&gt;</strong></span> 
     </span>
    </p>
   </div>
   <div class='ocr_carea' id='block_1_6' title="bbox 248 2647 1463 2732">
    <p class='ocr_par' dir='ltr' id='par_1_7' title="bbox 248 2647 1463 2732">
     <span class='ocr_line' id='line_1_21' title="bbox 248 2647 1463 2732; baseline 0.002 -22"><span class='ocrx_word' id='word_1_173' title='bbox 248 2661 310 2732; x_wconf 84' lang='lat' dir='ltr'><strong>tore</strong></span> <span class='ocrx_word' id='word_1_174' title='bbox 323 2657 509 2731; x_wconf 82' lang='lat' dir='ltr'><strong>excerptum,</strong></span> <span class='ocrx_word' id='word_1_175' title='bbox 521 2650 563 2710; x_wconf 82' lang='lat' dir='ltr'><strong>ita</strong></span> <span class='ocrx_word' id='word_1_176' title='bbox 573 2657 609 2708; x_wconf 88' lang='lat' dir='ltr'><strong>ut</strong></span> <span class='ocrx_word' id='word_1_177' title='bbox 617 2649 656 2708; x_wconf 83' lang='lat' dir='ltr'><strong>ob</strong></span> <span class='ocrx_word' id='word_1_178' title='bbox 671 2647 827 2728; x_wconf 85' lang='lat' dir='ltr'><strong>eopassim</strong></span> <span class='ocrx_word' id='word_1_179' title='bbox 836 2647 1049 2721; x_wconf 57' lang='lat' dir='ltr'><strong>dissentiretur</strong></span> <span class='ocrx_word' id='word_1_180' title='bbox 1059 2649 1174 2710; x_wconf 88' lang='lat' dir='ltr'><strong>Vineto</strong></span> <span class='ocrx_word' id='word_1_181' title='bbox 1184 2653 1363 2730; x_wconf 81' lang='lat' dir='ltr'><strong>castigatum</strong></span> <span class='ocrx_word' id='word_1_182' title='bbox 1462 2669 1463 2678; x_wconf 56' lang='lat'>¹</span> 
     </span>
    </p>
   </div>
   <div class='ocr_carea' id='block_1_7' title="bbox 245 2743 1365 2922">
    <p class='ocr_par' dir='ltr' id='par_1_8' title="bbox 245 2743 1365 2922">
     <span class='ocr_line' id='line_1_22' title="bbox 246 2743 1364 2829; baseline -0.004 -17"><span class='ocrx_word' id='word_1_183' title='bbox 246 2749 405 2829; x_wconf 85' lang='lat' dir='ltr'><strong>conjunxit</strong></span> <span class='ocrx_word' id='word_1_184' title='bbox 418 2748 447 2806; x_wconf 92' lang='lat' dir='ltr'><strong>in</strong></span> <span class='ocrx_word' id='word_1_185' title='bbox 459 2765 550 2806; x_wconf 87' lang='lat' dir='ltr'><strong>unum</strong></span> <span class='ocrx_word' id='word_1_186' title='bbox 566 2745 717 2806; x_wconf 86' lang='lat' dir='ltr'><strong>volumen.</strong></span> <span class='ocrx_word' id='word_1_187' title='bbox 740 2745 864 2805; x_wconf 80' lang='lat' dir='ltr'><strong>Priores</strong></span> <span class='ocrx_word' id='word_1_188' title='bbox 878 2746 942 2804; x_wconf 93' lang='lat' dir='ltr'><strong>bini</strong></span> <span class='ocrx_word' id='word_1_189' title='bbox 957 2745 1025 2805; x_wconf 89' lang='lat' dir='ltr'><strong>libri</strong></span> <span class='ocrx_word' id='word_1_190' title='bbox 1039 2743 1115 2806; x_wconf 84' lang='lat' dir='ltr'><strong>adeo</strong></span> <span class='ocrx_word' id='word_1_191' title='bbox 1130 2745 1275 2807; x_wconf 89' lang='lat' dir='ltr'><strong>dicuntur</strong></span> <span class='ocrx_word' id='word_1_192' title='bbox 1289 2749 1364 2808; x_wconf 90' lang='lat' dir='ltr'><strong>Vic-</strong></span> 
     </span>
     <span class='ocr_line' id='line_1_23' title="bbox 245 2841 1365 2922; baseline -0.004 -14"><span class='ocrx_word' id='word_1_193' title='bbox 245 2855 293 2908; x_wconf 83' lang='lat' dir='ltr'><strong>ror</strong></span> <span class='ocrx_word' id='word_1_194' title='bbox 307 2844 439 2913; x_wconf 85' lang='lat' dir='ltr'><strong>Schotti,</strong></span> <span class='ocrx_word' id='word_1_195' title='bbox 461 2851 495 2902; x_wconf 90' lang='lat' dir='ltr'><strong>ut</strong></span> <span class='ocrx_word' id='word_1_196' title='bbox 515 2843 555 2902; x_wconf 87' lang='lat' dir='ltr'><strong>ab</strong></span> <span class='ocrx_word' id='word_1_197' title='bbox 575 2843 655 2902; x_wconf 84' lang='lat' dir='ltr'><strong>bisce</strong></span> <span class='ocrx_word' id='word_1_198' title='bbox 679 2841 889 2921; x_wconf 77' lang='lat' dir='ltr'><strong>posterioribus</strong></span> <span class='ocrx_word' id='word_1_199' title='bbox 909 2842 992 2922; x_wconf 84' lang='lat' dir='ltr'><strong>prius</strong></span> <span class='ocrx_word' id='word_1_200' title='bbox 1013 2841 1102 2902; x_wconf 84' lang='lat' dir='ltr'><strong>editis</strong></span> <span class='ocrx_word' id='word_1_201' title='bbox 1118 2841 1365 2922; x_wconf 79' lang='lat' dir='ltr'><strong>distingueretur.</strong></span> 
     </span>
    </p>
   </div>
   <div class='ocr_carea' id='block_1_8' title="bbox 246 2937 1462 3117">
    <p class='ocr_par' dir='ltr' id='par_1_9' title="bbox 246 2937 1462 3117">
     <span class='ocr_line' id='line_1_24' title="bbox 246 2937 1462 3022; baseline -0.002 -20"><span class='ocrx_word' id='word_1_202' title='bbox 246 2939 393 3020; x_wconf 81' lang='lat' dir='ltr'><strong>Repetite</strong></span> <span class='ocrx_word' id='word_1_203' title='bbox 405 2940 469 2997; x_wconf 77' lang='lat' dir='ltr'><strong>baeo</strong></span> <span class='ocrx_word' id='word_1_204' title='bbox 481 2937 576 2996; x_wconf 89' lang='lat' dir='ltr'><strong>editio</strong></span> <span class='ocrx_word' id='word_1_205' title='bbox 587 2937 837 2998; x_wconf 84' lang='lat' dir='ltr'><strong>Plantinianasst</strong></span> <span class='ocrx_word' id='word_1_206' title='bbox 850 2945 941 3000; x_wconf 86' lang='grc'><strong>1589.</strong></span> <span class='ocrx_word' id='word_1_207' title='bbox 955 2937 1022 2998; x_wconf 88' lang='lat' dir='ltr'><strong>inde</strong></span> <span class='ocrx_word' id='word_1_208' title='bbox 1033 2939 1178 3000; x_wconf 81' lang='lat' dir='ltr'><strong>translatu</strong></span> <span class='ocrx_word' id='word_1_209' title='bbox 1189 2940 1221 2998; x_wconf 91' lang='lat' dir='ltr'><strong>in</strong></span> <span class='ocrx_word' id='word_1_210' title='bbox 1237 2941 1364 3022; x_wconf 86' lang='lat' dir='ltr'><strong>Sylbur·</strong></span> <span class='ocrx_word' id='word_1_211' title='bbox 1461 3009 1462 3014; x_wconf 8' lang='grc' dir='ltr'>η</span> 
     </span>
     <span class='ocr_line' id='line_1_25' title="bbox 247 3027 1462 3117; baseline 0.002 -22"><span class='ocrx_word' id='word_1_212' title='bbox 247 3038 366 3116; x_wconf 76' lang='lat' dir='ltr'><strong>glanem</strong></span> <span class='ocrx_word' id='word_1_213' title='bbox 379 3032 602 3102; x_wconf 84' lang='lat' dir='ltr'><strong>collectionem,</strong></span> <span class='ocrx_word' id='word_1_214' title='bbox 614 3032 652 3092; x_wconf 88' lang='lat' dir='ltr'><strong>do</strong></span> <span class='ocrx_word' id='word_1_215' title='bbox 667 3053 727 3112; x_wconf 90' lang='lat' dir='ltr'><strong>qua</strong></span> <span class='ocrx_word' id='word_1_216' title='bbox 742 3033 812 3094; x_wconf 87' lang='lat' dir='ltr'><strong>ride</strong></span> <span class='ocrx_word' id='word_1_217' title='bbox 832 3053 881 3094; x_wconf 89' lang='lat' dir='ltr'><strong>an.</strong></span> <span class='ocrx_word' id='word_1_218' title='bbox 901 3039 990 3095; x_wconf 85' lang='grc'><strong>1588.</strong></span> <span class='ocrx_word' id='word_1_219' title='bbox 1034 3032 1139 3096; x_wconf 89' lang='lat' dir='ltr'><strong>Secuti</strong></span> <span class='ocrx_word' id='word_1_220' title='bbox 1151 3045 1221 3094; x_wconf 87' lang='lat' dir='ltr'><strong>sunt</strong></span> <span class='ocrx_word' id='word_1_221' title='bbox 1236 3035 1363 3117; x_wconf 73' lang='lat' dir='ltr'><strong>Dionys</strong></span> <span class='ocrx_word' id='word_1_222' title='bbox 1461 3027 1462 3047; x_wconf 57' lang='lat'>¹</span> 
     </span>
    </p>
   </div>
   <div class='ocr_carea' id='block_1_9' title="bbox 248 3126 1373 4269">
    <p class='ocr_par' dir='ltr' id='par_1_10' title="bbox 248 3126 1373 4174">
     <span class='ocr_line' id='line_1_26' title="bbox 248 3126 1363 3210; baseline 0.002 -18"><span class='ocrx_word' id='word_1_223' title='bbox 248 3126 453 3192; x_wconf 86' lang='lat' dir='ltr'><strong>Gotbolredus</strong></span> <span class='ocrx_word' id='word_1_224' title='bbox 477 3128 505 3186; x_wconf 90' lang='lat' dir='ltr'><strong>in</strong></span> <span class='ocrx_word' id='word_1_225' title='bbox 527 3126 613 3188; x_wconf 74' lang='lat' dir='ltr'><strong>Hiar.</strong></span> <span class='ocrx_word' id='word_1_226' title='bbox 631 3127 771 3208; x_wconf 86' lang='lat' dir='ltr'><strong>Antiqua</strong></span> <span class='ocrx_word' id='word_1_227' title='bbox 794 3129 889 3190; x_wconf 84' lang='lat' dir='ltr'><strong>Basil.</strong></span> <span class='ocrx_word' id='word_1_228' title='bbox 913 3135 1004 3191; x_wconf 86' lang='grc'><strong>1590.</strong></span> <span class='ocrx_word' id='word_1_229' title='bbox 1028 3139 1059 3190; x_wconf 90' lang='lat' dir='ltr'><strong>et</strong></span> <span class='ocrx_word' id='word_1_230' title='bbox 1081 3131 1248 3210; x_wconf 80' lang='lat' dir='ltr'><strong>Argentor.</strong></span> <span class='ocrx_word' id='word_1_231' title='bbox 1274 3139 1363 3194; x_wconf 79' lang='grc'><strong>1604.</strong></span> 
     </span>
     <span class='ocr_line' id='line_1_27' title="bbox 248 3223 1364 3307; baseline 0.002 -19"><span class='ocrx_word' id='word_1_232' title='bbox 248 3227 358 3288; x_wconf 86' lang='lat' dir='ltr'><strong>Frauc.</strong></span> <span class='ocrx_word' id='word_1_233' title='bbox 373 3223 598 3306; x_wconf 81' lang='lat' dir='ltr'><strong>Rsplrelengius</strong></span> <span class='ocrx_word' id='word_1_234' title='bbox 611 3224 639 3284; x_wconf 93' lang='lat' dir='ltr'><strong>in</strong></span> <span class='ocrx_word' id='word_1_235' title='bbox 657 3223 742 3284; x_wconf 83' lang='lat' dir='ltr'><strong>Hiot.</strong></span> <span class='ocrx_word' id='word_1_236' title='bbox 756 3225 838 3304; x_wconf 81' lang='lat' dir='ltr'><strong>Aug.</strong></span> <span class='ocrx_word' id='word_1_237' title='bbox 851 3225 976 3306; x_wconf 85' lang='lat' dir='ltr'><strong>Scriptt.</strong></span> <span class='ocrx_word' id='word_1_238' title='bbox 989 3227 1062 3287; x_wconf 89' lang='lat' dir='ltr'><strong>min.</strong></span> <span class='ocrx_word' id='word_1_239' title='bbox 1075 3233 1165 3290; x_wconf 92' lang='grc'><strong>1607.</strong></span> <span class='ocrx_word' id='word_1_240' title='bbox 1177 3227 1242 3307; x_wconf 85' lang='lat' dir='ltr'><strong>ipse</strong></span> <span class='ocrx_word' id='word_1_241' title='bbox 1255 3229 1364 3290; x_wconf 85' lang='lat' dir='ltr'><strong>Schot-</strong></span> 
     </span>
     <span class='ocr_line' id='line_1_28' title="bbox 248 3320 1364 3402; baseline 0.001 -16"><span class='ocrx_word' id='word_1_242' title='bbox 248 3335 297 3386; x_wconf 90' lang='lat' dir='ltr'><strong>tus</strong></span> <span class='ocrx_word' id='word_1_243' title='bbox 321 3325 397 3384; x_wconf 79' lang='lat' dir='ltr'><strong>inter</strong></span> <span class='ocrx_word' id='word_1_244' title='bbox 416 3322 519 3402; x_wconf 77' lang='lat' dir='ltr'><strong>Opere</strong></span> <span class='ocrx_word' id='word_1_245' title='bbox 546 3321 638 3382; x_wconf 81' lang='lat' dir='ltr'><strong>Corn.</strong></span> <span class='ocrx_word' id='word_1_246' title='bbox 664 3320 796 3402; x_wconf 86' lang='lat' dir='ltr'><strong>Nepotis</strong></span> <span class='ocrx_word' id='word_1_247' title='bbox 818 3328 908 3384; x_wconf 89' lang='grc'><strong>1609.</strong></span> <span class='ocrx_word' id='word_1_248' title='bbox 930 3322 1028 3383; x_wconf 84' lang='lat' dir='ltr'><strong>Janus</strong></span> <span class='ocrx_word' id='word_1_249' title='bbox 1047 3321 1194 3384; x_wconf 86' lang='lat' dir='ltr'><strong>Gruterus</strong></span> <span class='ocrx_word' id='word_1_250' title='bbox 1215 3324 1246 3383; x_wconf 93' lang='lat' dir='ltr'><strong>in</strong></span> <span class='ocrx_word' id='word_1_251' title='bbox 1278 3325 1364 3387; x_wconf 70' lang='lat' dir='ltr'><strong>His„</strong></span> 
     </span>
     <span class='ocr_line' id='line_1_29' title="bbox 250 3417 1366 3502; baseline -0.001 -19"><span class='ocrx_word' id='word_1_252' title='bbox 250 3423 333 3501; x_wconf 78' lang='lat' dir='ltr'><strong>Aug.</strong></span> <span class='ocrx_word' id='word_1_253' title='bbox 349 3419 472 3499; x_wconf 87' lang='lat' dir='ltr'><strong>Scriptt.</strong></span> <span class='ocrx_word' id='word_1_254' title='bbox 486 3419 558 3478; x_wconf 87' lang='lat' dir='ltr'><strong>min.</strong></span> <span class='ocrx_word' id='word_1_255' title='bbox 572 3425 661 3480; x_wconf 88' lang='grc'><strong>1811.</strong></span> <span class='ocrx_word' id='word_1_256' title='bbox 676 3439 751 3499; x_wconf 87' lang='lat' dir='ltr'><strong>quos</strong></span> <span class='ocrx_word' id='word_1_257' title='bbox 760 3419 907 3478; x_wconf 84' lang='lat' dir='ltr'><strong>recensuit</strong></span> <span class='ocrx_word' id='word_1_258' title='bbox 922 3419 998 3480; x_wconf 80' lang='lat' dir='ltr'><strong>Mes.</strong></span> <span class='ocrx_word' id='word_1_259' title='bbox 1009 3417 1084 3480; x_wconf 83' lang='lat' dir='ltr'><strong>Pal.</strong></span> <span class='ocrx_word' id='word_1_260' title='bbox 1094 3439 1163 3479; x_wconf 86' lang='lat' dir='ltr'><strong>urus</strong></span> <span class='ocrx_word' id='word_1_261' title='bbox 1173 3429 1203 3479; x_wconf 90' lang='lat' dir='ltr'><strong>et</strong></span> <span class='ocrx_word' id='word_1_262' title='bbox 1216 3421 1248 3480; x_wconf 89' lang='lat' dir='ltr'><strong>in</strong></span> <span class='ocrx_word' id='word_1_263' title='bbox 1262 3425 1366 3502; x_wconf 78' lang='lat' dir='ltr'><strong>capita</strong></span> 
     </span>
     <span class='ocr_line' id='line_1_30' title="bbox 251 3514 1368 3596; baseline -0.001 -16"><span class='ocrx_word' id='word_1_264' title='bbox 251 3519 365 3588; x_wconf 75' lang='lat' dir='ltr'><strong>divisit,</strong></span> <span class='ocrx_word' id='word_1_265' title='bbox 393 3514 587 3576; x_wconf 84' lang='lat' dir='ltr'><strong>Genevenses</strong></span> <span class='ocrx_word' id='word_1_266' title='bbox 614 3515 642 3574; x_wconf 92' lang='lat' dir='ltr'><strong>in</strong></span> <span class='ocrx_word' id='word_1_267' title='bbox 674 3515 766 3596; x_wconf 82' lang='lat' dir='ltr'><strong>Corp.</strong></span> <span class='ocrx_word' id='word_1_268' title='bbox 792 3515 879 3577; x_wconf 85' lang='lat' dir='ltr'><strong>Hist.</strong></span> <span class='ocrx_word' id='word_1_269' title='bbox 910 3515 975 3576; x_wconf 81' lang='lat' dir='ltr'><strong>Lat.</strong></span> <span class='ocrx_word' id='word_1_270' title='bbox 1005 3525 1062 3586; x_wconf 86' lang='lat' dir='ltr'><strong>ter,</strong></span> <span class='ocrx_word' id='word_1_271' title='bbox 1089 3523 1181 3577; x_wconf 90' lang='grc'><strong>1609.</strong></span> <span class='ocrx_word' id='word_1_272' title='bbox 1212 3523 1310 3580; x_wconf 85' lang='grc'><strong>1698.</strong></span> <span class='ocrx_word' id='word_1_273' title='bbox 1337 3530 1368 3579; x_wconf 85' lang='lat' dir='ltr'><strong>et</strong></span> 
     </span>
     <span class='ocr_line' id='line_1_31' title="bbox 249 3610 1370 3693; baseline -0.002 -17"><span class='ocrx_word' id='word_1_274' title='bbox 249 3619 343 3678; x_wconf 81' lang='grc'><strong>1658.</strong></span> <span class='ocrx_word' id='word_1_275' title='bbox 358 3610 655 3672; x_wconf 81' lang='lat' dir='ltr'><strong>Amsterodamenaes</strong></span> <span class='ocrx_word' id='word_1_276' title='bbox 675 3611 704 3670; x_wconf 92' lang='lat' dir='ltr'><strong>in</strong></span> <span class='ocrx_word' id='word_1_277' title='bbox 725 3611 809 3674; x_wconf 86' lang='lat' dir='ltr'><strong>Hist.</strong></span> <span class='ocrx_word' id='word_1_278' title='bbox 831 3611 925 3674; x_wconf 81' lang='lat' dir='ltr'><strong>Rom.</strong></span> <span class='ocrx_word' id='word_1_279' title='bbox 949 3611 1090 3693; x_wconf 84' lang='lat' dir='ltr'><strong>Epitome</strong></span> <span class='ocrx_word' id='word_1_280' title='bbox 1109 3619 1200 3672; x_wconf 88' lang='grc'><strong>1615.</strong></span> <span class='ocrx_word' id='word_1_281' title='bbox 1227 3619 1323 3674; x_wconf 86' lang='grc'><strong>1695.</strong></span> <span class='ocrx_word' id='word_1_282' title='bbox 1337 3625 1370 3674; x_wconf 90' lang='lat' dir='ltr'><strong>et</strong></span> 
     </span>
     <span class='ocr_line' id='line_1_32' title="bbox 251 3705 1369 3791; baseline -0.004 -17"><span class='ocrx_word' id='word_1_283' title='bbox 251 3717 342 3774; x_wconf 77' lang='grc'><strong>1617.</strong></span> <span class='ocrx_word' id='word_1_284' title='bbox 366 3705 510 3768; x_wconf 83' lang='lat' dir='ltr'><strong>Elaeririi</strong></span> <span class='ocrx_word' id='word_1_285' title='bbox 532 3707 561 3764; x_wconf 94' lang='lat' dir='ltr'><strong>in</strong></span> <span class='ocrx_word' id='word_1_286' title='bbox 587 3705 721 3786; x_wconf 84' lang='lat' dir='ltr'><strong>Republ.</strong></span> <span class='ocrx_word' id='word_1_287' title='bbox 742 3705 834 3768; x_wconf 84' lang='lat' dir='ltr'><strong>Rom.</strong></span> <span class='ocrx_word' id='word_1_288' title='bbox 854 3715 944 3768; x_wconf 90' lang='grc'><strong>1699.</strong></span> <span class='ocrx_word' id='word_1_289' title='bbox 969 3707 1161 3768; x_wconf 86' lang='lat' dir='ltr'><strong>Boxhoruius</strong></span> <span class='ocrx_word' id='word_1_290' title='bbox 1184 3708 1214 3768; x_wconf 85' lang='lat' dir='ltr'><strong>in</strong></span> <span class='ocrx_word' id='word_1_291' title='bbox 1236 3707 1369 3791; x_wconf 64' lang='lat' dir='ltr'><strong>Scripta</strong></span> 
     </span>
     <span class='ocr_line' id='line_1_33' title="bbox 253 3799 1370 3888; baseline -0.003 -19"><span class='ocrx_word' id='word_1_292' title='bbox 253 3809 338 3888; x_wconf 81' lang='lat' dir='ltr'><strong>Hist.</strong></span> <span class='ocrx_word' id='word_1_293' title='bbox 352 3805 435 3882; x_wconf 76' lang='lat' dir='ltr'><strong>Aug.</strong></span> <span class='ocrx_word' id='word_1_294' title='bbox 458 3799 537 3862; x_wconf 88' lang='lat' dir='ltr'><strong>Min.</strong></span> <span class='ocrx_word' id='word_1_295' title='bbox 552 3807 643 3862; x_wconf 85' lang='grc'><strong>1889.</strong></span> <span class='ocrx_word' id='word_1_296' title='bbox 664 3801 740 3861; x_wconf 90' lang='lat' dir='ltr'><strong>Nic.</strong></span> <span class='ocrx_word' id='word_1_297' title='bbox 763 3802 952 3866; x_wconf 82' lang='lat' dir='ltr'><strong>Blancurdus</strong></span> <span class='ocrx_word' id='word_1_298' title='bbox 965 3805 994 3864; x_wconf 94' lang='lat' dir='ltr'><strong>in</strong></span> <span class='ocrx_word' id='word_1_299' title='bbox 1010 3803 1097 3864; x_wconf 86' lang='lat' dir='ltr'><strong>Hist.</strong></span> <span class='ocrx_word' id='word_1_300' title='bbox 1111 3803 1370 3886; x_wconf 79' lang='lat' dir='ltr'><strong>Rom.·Epitome</strong></span> 
     </span>
     <span class='ocr_line' id='line_1_34' title="bbox 252 3895 1373 3979; baseline -0.004 -12"><span class='ocrx_word' id='word_1_301' title='bbox 252 3913 343 3966; x_wconf 79' lang='grc'><strong>1649.</strong></span> <span class='ocrx_word' id='word_1_302' title='bbox 363 3901 481 3979; x_wconf 86' lang='lat' dir='ltr'><strong>Tanaq.</strong></span> <span class='ocrx_word' id='word_1_303' title='bbox 503 3897 649 3958; x_wconf 80' lang='lat' dir='ltr'><strong>Faberio</strong></span> <span class='ocrx_word' id='word_1_304' title='bbox 671 3895 817 3978; x_wconf 85' lang='lat' dir='ltr'><strong>Eutropio</strong></span> <span class='ocrx_word' id='word_1_305' title='bbox 837 3907 868 3958; x_wconf 87' lang='lat' dir='ltr'><strong>et</strong></span> <span class='ocrx_word' id='word_1_306' title='bbox 886 3899 1012 3961; x_wconf 86' lang='lat' dir='ltr'><strong>Victore</strong></span> <span class='ocrx_word' id='word_1_307' title='bbox 1035 3919 1103 3961; x_wconf 90' lang='lat' dir='ltr'><strong>cum</strong></span> <span class='ocrx_word' id='word_1_308' title='bbox 1126 3899 1267 3962; x_wconf 83' lang='lat' dir='ltr'><strong>brevibus</strong></span> <span class='ocrx_word' id='word_1_309' title='bbox 1290 3905 1373 3963; x_wconf 86' lang='lat' dir='ltr'><strong>notis</strong></span> 
     </span>
     <span class='ocr_line' id='line_1_35' title="bbox 252 3991 1372 4075; baseline -0.004 -11"><span class='ocrx_word' id='word_1_310' title='bbox 252 4009 344 4064; x_wconf 85' lang='grc'><strong>1687.</strong></span> <span class='ocrx_word' id='word_1_311' title='bbox 385 3997 507 4075; x_wconf 78' lang='lat' dir='ltr'><strong>Agmea</strong></span> <span class='ocrx_word' id='word_1_312' title='bbox 523 3993 639 4056; x_wconf 83' lang='lat' dir='ltr'><strong>claudit</strong></span> <span class='ocrx_word' id='word_1_313' title='bbox 653 3991 685 4054; x_wconf 89' lang='lat' dir='ltr'><strong>S.</strong></span> <span class='ocrx_word' id='word_1_314' title='bbox 700 3993 779 4056; x_wconf 90' lang='lat' dir='ltr'><strong>Aur.</strong></span> <span class='ocrx_word' id='word_1_315' title='bbox 790 3994 901 4056; x_wconf 87' lang='lat' dir='ltr'><strong>Victor</strong></span> <span class='ocrx_word' id='word_1_316' title='bbox 911 4017 980 4058; x_wconf 89' lang='lat' dir='ltr'><strong>cum</strong></span> <span class='ocrx_word' id='word_1_317' title='bbox 991 3997 1081 4056; x_wconf 88' lang='lat' dir='ltr'><strong>notis.</strong></span> <span class='ocrx_word' id='word_1_318' title='bbox 1090 4015 1167 4056; x_wconf 77' lang='lat' dir='ltr'><strong>sarr.</strong></span> <span class='ocrx_word' id='word_1_319' title='bbox 1181 4005 1214 4056; x_wconf 86' lang='lat' dir='ltr'><strong>et</strong></span> <span class='ocrx_word' id='word_1_320' title='bbox 1227 3997 1372 4058; x_wconf 84' lang='lat' dir='ltr'><strong>iconibus</strong></span> 
     </span>
     <span class='ocr_line' id='line_1_36' title="bbox 254 4093 543 4174; baseline -0.028 -14"><span class='ocrx_word' id='word_1_321' title='bbox 254 4095 351 4174; x_wconf 70' lang='lat' dir='ltr'><strong>bugd.</strong></span> <span class='ocrx_word' id='word_1_322' title='bbox 367 4093 439 4154; x_wconf 76' lang='lat' dir='ltr'><strong>Bar.</strong></span> <span class='ocrx_word' id='word_1_323' title='bbox 454 4099 543 4156; x_wconf 79' lang='lat' dir='ltr'><strong>rori.</strong></span> 
     </span>
    </p>

    <p class='ocr_par' dir='ltr' id='par_1_11' title="bbox 298 4187 1367 4269">
     <span class='ocr_line' id='line_1_37' title="bbox 298 4187 1367 4269; baseline -0.001 -15"><span class='ocrx_word' id='word_1_324' title='bbox 298 4196 376 4254; x_wconf 87' lang='grc'><strong>1589</strong></span> <span class='ocrx_word' id='word_1_325' title='bbox 396 4189 545 4269; x_wconf 85' lang='lat' dir='ltr'><strong>Antrerp.</strong></span> <span class='ocrx_word' id='word_1_326' title='bbox 560 4198 589 4253; x_wconf 88' lang='grc'><strong>8.</strong></span> <span class='ocrx_word' id='word_1_327' title='bbox 613 4188 647 4252; x_wconf 90' lang='lat' dir='ltr'><strong>S.</strong></span> <span class='ocrx_word' id='word_1_328' title='bbox 663 4192 739 4252; x_wconf 84' lang='lat' dir='ltr'><strong>Aur.</strong></span> <span class='ocrx_word' id='word_1_329' title='bbox 755 4189 863 4250; x_wconf 88' lang='lat' dir='ltr'><strong>Victor</strong></span> <span class='ocrx_word' id='word_1_330' title='bbox 872 4189 1013 4269; x_wconf 83' lang='lat' dir='ltr'><strong>repetitus</strong></span> <span class='ocrx_word' id='word_1_331' title='bbox 1023 4208 1061 4250; x_wconf 85' lang='lat' dir='ltr'><strong>ex</strong></span> <span class='ocrx_word' id='word_1_332' title='bbox 1075 4187 1122 4251; x_wconf 82' lang='lat' dir='ltr'><strong>ed.</strong></span> <span class='ocrx_word' id='word_1_333' title='bbox 1133 4187 1256 4252; x_wconf 85' lang='lat' dir='ltr'><strong>Sobotti</strong></span> <span class='ocrx_word' id='word_1_334' title='bbox 1268 4197 1367 4256; x_wconf 79' lang='grc'><strong>1579.</strong></span> 
     </span>
    </p>
   </div>
   <div class='ocr_carea' id='block_1_10' title="bbox 255 1076 1464 1170">
    <p class='ocr_par' dir='ltr' id='par_1_12' title="bbox 255 1076 1464 1170">
     <span class='ocr_line' id='line_1_38' title="bbox 255 1076 1464 1170; baseline 0 -30"><span class='ocrx_word' id='word_1_335' title='bbox 255 1077 367 1153; x_wconf 88' lang='lat' dir='ltr'><strong>Duaci,</strong></span> <span class='ocrx_word' id='word_1_336' title='bbox 390 1099 441 1160; x_wconf 80' lang='lat' dir='ltr'><strong>ep.</strong></span> <span class='ocrx_word' id='word_1_337' title='bbox 464 1076 515 1138; x_wconf 88' lang='lat' dir='ltr'><strong>Jo.</strong></span> <span class='ocrx_word' id='word_1_338' title='bbox 541 1077 845 1158; x_wconf 72' lang='lat' dir='ltr'><strong>Bogodum.-via</strong></span> <span class='ocrx_word' id='word_1_339' title='bbox 870 1077 1072 1160; x_wconf 73' lang='lat' dir='ltr'><strong>Hsmborger.</strong></span> <span class='ocrx_word' id='word_1_340' title='bbox 1094 1079 1113 1142; x_wconf 88' lang='lat' dir='ltr'><strong>l.</strong></span> <span class='ocrx_word' id='word_1_341' title='bbox 1137 1081 1160 1142; x_wconf 93' lang='lat' dir='ltr'><strong>l.</strong></span> <span class='ocrx_word' id='word_1_342' title='bbox 1183 1079 1223 1144; x_wconf 85' lang='grc' dir='ltr'><strong>Τ.</strong></span> <span class='ocrx_word' id='word_1_343' title='bbox 1238 1097 1279 1145; x_wconf 89' lang='grc' dir='ltr'><strong>ιι.</strong></span> <span class='ocrx_word' id='word_1_344' title='bbox 1294 1103 1365 1164; x_wconf 76' lang='lat' dir='ltr'><strong>pag.</strong></span> <span class='ocrx_word' id='word_1_345' title='bbox 1463 1091 1464 1170; x_wconf 55' lang='lat' dir='ltr'>j</span> 
     </span>
    </p>
   </div>
   <div class='ocr_carea' id='block_1_11' title="bbox 0 0 1484 4888">
    <p class='ocr_par' dir='ltr' id='par_1_13' title="bbox 0 0 1484 4888">
     <span class='ocr_line' id='line_1_39' title="bbox 0 0 1484 4888; baseline 0 0"><span class='ocrx_word' id='word_1_346' title='bbox 0 0 1484 4888; x_wconf 95' lang='lat' dir='ltr'><strong> </strong></span> 
     </span>
    </p>
   </div>
  </div>
 </body>
</html>
