2938 4888
257 367 324 434 858
604 383 762 432 uorrrrn
789 379 1001 430 cinerente

261 527 332 588 Fuit
354 527 455 594 etiam,
470 525 521 604 qui
543 523 676 584 Asconio
692 523 831 585 Pediano
845 524 1012 592 ascriberet,
1023 521 1153 584 loannes
1167 524 1313 586 Metellus
1330 528 1361 586 io

260 625 351 686 literis
374 621 412 682 ad
427 621 530 702 Stepb.
546 621 698 700 Pighium.
740 619 799 680 Sed
815 619 952 680 Andreas
963 620 1101 682 Schottus
1114 624 1196 685 etcl.
1213 623 1359 684 Haulrius
1377 677 1383 692 ,

261 723 312 783 lib.
328 737 352 780 1.
365 719 403 780 de
414 719 506 780 Rom.
519 717 633 778 Rerum
644 717 843 798 Scriptoribus
851 738 878 798 p.
892 724 959 778 tol.
974 738 1034 797 seq.
1049 738 1114 778 eum
1128 717 1221 780 Sexto
1231 721 1362 780 Aurelio

260 819 380 880 Victori
388 817 540 878 vindicant
550 817 724 876 auctoritate
736 815 843 876 veteris
850 814 973 884 codicis,
984 816 1013 874 in
1022 835 1081 896 quo
1089 816 1208 876 libellus
1217 819 1272 878 iste
1283 818 1362 878 dici-

261 926 308 976 tur
329 936 397 996 pars
409 916 486 996 prior
499 924 508 950 ⁴
521 913 648 974 bunne
660 913 840 973 abbreviata:
857 911 1009 984 Victoris,’
1027 913 1070 974 ita
1082 923 1114 973 ut
1134 914 1227 974 altera
1239 935 1310 993 pers
1322 917 1363 974 sit

261 1014 335 1074 liber
353 1012 392 1072 de
405 1011 582 1072 Cesaribus.
625 1009 687 1072 Sed
704 1012 789 1070 unius
810 1010 893 1070 istius
912 1009 1023 1070 codicis
1044 1013 1204 1072 auctoritas
1224 1013 1362 1092 prolecto
1461 1095 1462 1100 η

262 1129 321 1170 rem
335 1131 392 1170 non
407 1107 539 1180 conficit,
553 1129 607 1170 nec
621 1111 683 1190 ipse
695 1108 799 1170 titulus
819 1108 871 1168 ille
889 1109 960 1168 satis
973 1107 1092 1168 evidens
1114 1121 1175 1170 est:
1192 1111 1271 1170 unde
1294 1123 1361 1192 post
1460 1101 1462 1118 ⁴

265 1209 434 1280 Bartbium‚
452 1207 490 1268 de
504 1215 623 1267 auctore
642 1207 766 1268 Victore
780 1205 898 1266 dubitat
917 1205 1109 1278 Arntzenius,
1129 1227 1198 1266 sane
1220 1227 1279 1267 non
1296 1209 1359 1268 sine
1461 1289 1462 1298 ἵ

263 1306 368 1366 idonea
384 1326 485 1368 causa.
961 1339 965 1344 -

305 1405 394 1464 Liber
413 1403 450 1463 de
472 1401 639 1464 Cesaribus
660 1403 699 1461 ab
722 1401 799 1482 Imp.
815 1405 952 1482 Augusto
973 1423 1064 1482 usquc
1089 1401 1128 1462 ad
1150 1403 1358 1464 Constantium

264 1500 449 1560 Constantini
466 1499 512 1560 Μ.
521 1497 626 1568 filium,
635 1497 889 1577 cojuseditionem
899 1501 1021 1580 primam
1034 1499 1280 1560 debemuseidem
1292 1503 1358 1561 An-

263 1599 341 1656 dreae
351 1597 486 1666 Sebotto,
497 1597 590 1657 Antv.
608 1601 696 1658 1579.
712 1603 742 1654 8.
754 1594 832 1654 uude
843 1597 944 1676 etipse
956 1595 1063 1656 Victor
1074 1597 1189 1656 Schotti
1197 1596 1256 1656 dici
1271 1599 1358 1666 solet,

263 1705 296 1754 ut
309 1713 327 1752 a
339 1713 401 1772 seq.
415 1691 621 1770 distinguatur.
664 1690 757 1751 Hunc
772 1689 906 1752 Victoria
926 1691 1058 1752 libellum
1073 1695 1147 1752 mitti
1162 1695 1218 1752 sibi
1237 1697 1313 1774 petit
1326 1694 1358 1754 S.

265 1789 468 1870 Hieronymus
482 1789 577 1870 Epist.
589 1805 665 1849 xxt.
677 1789 713 1848 ad
729 1788 861 1850 Paulum
873 1789 1121 1850 Concordiensem
1136 1801 1144 1825 ‘
1156 1803 1276 1871 propter
1285 1793 1359 1850 noti-

264 1889 335 1948 tiam
346 1889 584 1970 persecutorum,'
598 1897 631 1946 ut
644 1885 760 1946 videtur
772 1885 960 1948 Theoderico
971 1885 1119 1948 Ruioarto
1133 1887 1213 1969 pref.
1224 1889 1263 1948 ad
1278 1889 1360 1948 Acta

265 1985 432 2066 Martyrum
444 2007 473 2066 p.
486 2001 563 2044 vm.
607 1983 668 2045 Sed
686 1985 748 2046 vid.
763 1983 837 2046 Iutt.
850 1984 888 2044 ad
903 1987 932 2046 h.
944 1985 963 2044 Ι.
987 1985 1034 2045 De
1056 1985 1109 2046 illo
1131 1987 1213 2046 varia
1233 1987 1359 2046 virorum

264 2081 415 2142 doctorum
431 2082 549 2160 judicia
570 2082 631 2142 rid.
656 2081 679 2140 si
703 2081 802 2162 placet
827 2083 856 2142 in
880 2081 1003 2144 'lbomae
1023 2082 1123 2144 Cranii
1144 2093 1228 2163 parte
1254 2100 1359 2144 xrrtr.

264 2179 445 2242 Animadvr.
462 2179 903 2258 Philologico-Historicarum.

599 2491 690 2552 Alter
701 2489 751 2551 De
767 2491 934 2552 Coesnribus
947 2489 1030 2550 liber.

310 2693 402 2753 Extat
411 2701 553 2774 praterea
566 2690 642 2750 alius
656 2690 741 2760 liber,
756 2689 805 2769 qui
817 2689 994 2759 inscribitur,
1009 2697 1018 2724 ‘
1031 2685 1079 2748 De
1095 2687 1170 2748 Vita
1183 2699 1216 2748 et
1227 2687 1363 2750 Moribus

267 2789 483 2872 Imperatorum
497 2787 701 2848 Romanorum
716 2787 875 2867 Epitomas,
896 2805 934 2844 ex
956 2785 1038 2844 libris
1052 2785 1138 2845 Sexti
1152 2785 1273 2846 Aurelii
1290 2787 1364 2846 Vic-

265 2890 347 2958 toris,
361 2909 380 2946 a
394 2888 512 2947 Caesare
522 2885 661 2962 Augusto
675 2881 818 2964 usquead
832 2901 985 2942 excessum
995 2881 1155 2942 Theodosii
1167 2881 1260 2964 Imp.’
1302 2883 1364 2942 Sed

266 2985 313 3042 bic
319 2985 466 3062 juniorem
479 2991 627 3040 auctorem
642 2981 732 3039 habet
744 2989 774 3038 et
791 2979 938 3038 diversum
952 2999 971 3038 a
983 2981 1137 3060 superioris
1149 2979 1219 3042 libri
1237 2981 1275 3040 de
1294 2981 1364 3040 Cre·

265 3080 388 3147 saribus,
402 3097 489 3156 quem
513 3075 654 3136 Schottus
669 3075 771 3146 edidit,
786 3085 916 3146 auctore,
940 3097 958 3136 a
980 3097 1040 3157 quo
1057 3077 1203 3138 interdum
1217 3079 1363 3140 dissentit.

266 3173 421 3244 Profecto,
447 3193 515 3234 cum
542 3174 571 3231 in
598 3172 733 3232 omnibus
757 3171 830 3234 Mes.
856 3173 1007 3254 Excerpta
1033 3175 1208 3236 dicanture
1239 3175 1364 3238 Victore

266 3273 313 3332 vel
326 3269 492 3342 Victorino,
506 3271 537 3331 bi
552 3289 608 3330 non
625 3275 745 3350 possum
761 3290 824 3329 esse
837 3273 901 3348 ejus
915 3270 1008 3331 libelli
1023 3282 1166 3333 auctores.
1208 3271 1275 3334 Sub
1291 3275 1365 3335 Vic-

266 3371 337 3428 toris
349 3371 466 3428 nomine
479 3377 689 3426 memoratura
710 3365 811 3426 Paulo
835 3366 971 3427 Diacono
984 3368 1022 3428 de
1047 3367 1150 3429 Gestis
1173 3369 1363 3449 Langobard.

268 3482 305 3525 11.
324 3475 371 3527 18.
385 3467 439 3526 etsi
458 3467 487 3524 in
509 3463 686 3545 quibusdam
705 3463 774 3524 edd.
798 3485 902 3524 nomen
917 3464 1065 3526 Victorini
1079 3465 1195 3544 legitur.
1239 3467 1365 3528 Vossius

267 3573 364 3622 autem
376 3583 404 3643 p.
418 3569 488 3622 221.
502 3563 539 3622 de
561 3561 644 3622 Hist.
660 3561 726 3620 Lat.
739 3581 806 3620 eum
819 3583 881 3621 esse
895 3563 1068 3644 suspicatur,
1082 3565 1133 3642 qui
1147 3567 1177 3624 in
1198 3575 1298 3625 vetere
1314 3565 1364 3625 In·

265 3661 422 3741 scriptione
436 3661 516 3740 apud
529 3659 700 3728 Gruterum,
718 3657 876 3718 Theodosii
900 3661 982 3738 Aug.
1006 3659 1186 3740 temporibus
1207 3662 1366 3744 praefectos

268 3759 331 3819 urbi
348 3767 378 3818 ct
397 3755 493 3836 judex
512 3775 659 3815 sacmrum
683 3757 881 3833 cognitionum
905 3757 1026 3816 dicitur.
1068 3757 1140 3816 Fuit
1163 3769 1194 3819 et
1224 3761 1366 3820 Aurelius

267 3857 373 3918 Victor
390 3861 585 3939 cognomento
599 3852 731 3922 Primus,
744 3861 879 3934 utroque,
891 3856 976 3933 cujus
984 3855 1050 3932 jam
1073 3856 1271 3928 meminimus,
1287 3859 1365 3918 anti-

267 3956 362 4030 quior,
376 3955 461 4034 oujus
474 3951 565 4013 rerba
575 3949 679 4010 laudat
691 3949 709 4010 J
714 3949 789 4010 ulins
799 3951 986 4032 Capitolinus
999 3953 1027 4010 in
1042 3951 1146 4033 Opilio
1160 3953 1311 4017 Macrino.

310 4049 464 4110 Marianus
477 4048 648 4109 Victorinus
665 4048 702 4107 ad
725 4048 822 4128 Epist.
845 4063 921 4108 xxi.
941 4047 974 4106 S.
991 4047 1168 4129 Hieronymi
1190 4053 1319 4131 scripsit,
1333 4053 1364 4110 in

269 4141 351 4202 Bibl.
373 4144 524 4204 Vaticana
536 4155 637 4206 extare
653 4143 715 4205 Ma.
732 4144 870 4205 ‘Aurelii
886 4144 1018 4206 Victoris
1033 4144 1201 4206 Historiam
1215 4147 1365 4208 Persecu-

267 4241 379 4300 tionum
399 4239 540 4301 Ecclesiae
557 4262 650 4324 usque
673 4241 712 4302 ad
727 4241 951 4304 Domitianum!
992 4243 1053 4304 Sed
1066 4245 1130 4322 ejus
1156 4243 1246 4307 fidem
1260 4248 1367 4307 merito
